<?xml version="1.0" encoding="UTF-8"?>
<!DOCTYPE html PUBLIC "-//W3C//DTD XHTML 1.0 Transitional//EN"
    "http://www.w3.org/TR/xhtml1/DTD/xhtml1-transitional.dtd">
<html xmlns="http://www.w3.org/1999/xhtml" xml:lang="en" lang="en">
 <head>
  <title>
</title>
<meta http-equiv="Content-Type" content="text/html;charset=utf-8" />
  <meta name='ocr-system' content='tesseract 3.04.00' />
  <meta name='ocr-capabilities' content='ocr_page ocr_carea ocr_par ocr_line ocrx_word'/>
</head>
<body>
  <div class='ocr_page' id='page_1' title='image "./decorruptapostc00chasgoog_0031.png"; bbox 0 0 2804 4980; ppageno 0'>
   <div class='ocr_carea' id='block_1_1' title="bbox 691 364 887 434">
    <p class='ocr_par' dir='ltr' id='par_1_1' title="bbox 691 364 887 434">
     <span class='ocr_line' id='line_1_1' title="bbox 691 364 887 434; baseline -0.01 -14"><span class='ocrx_word' id='word_1_1' title='bbox 691 364 887 434; x_wconf 66' lang='grc'><strong>...20-</strong></span> 
     </span>
    </p>
   </div>
   <div class='ocr_carea' id='block_1_2' title="bbox 288 512 1292 1045">
    <p class='ocr_par' dir='ltr' id='par_1_2' title="bbox 288 512 1292 1045">
     <span class='ocr_line' id='line_1_2' title="bbox 290 512 1292 589; baseline -0.001 -2"><span class='ocrx_word' id='word_1_2' title='bbox 290 517 422 589; x_wconf 88' lang='lat' dir='ltr'>Gavius</span> <span class='ocrx_word' id='word_1_3' title='bbox 447 513 520 585; x_wconf 85' lang='lat' dir='ltr'>Silo</span> <span class='ocrx_word' id='word_1_4' title='bbox 532 517 553 583; x_wconf 88' lang='lat'>¹.</span> <span class='ocrx_word' id='word_1_5' title='bbox 586 512 884 585; x_wconf 85' lang='lat' dir='ltr'>Declamaverunt</span> <span class='ocrx_word' id='word_1_6' title='bbox 910 514 1049 587; x_wconf 82' lang='lat' dir='ltr'>Cassius</span> <span class='ocrx_word' id='word_1_7' title='bbox 1076 518 1225 588; x_wconf 89' lang='lat' dir='ltr'>Severus</span> <span class='ocrx_word' id='word_1_8' title='bbox 1254 532 1292 588; x_wconf 90' lang='lat' dir='ltr'>et</span> 
     </span>
     <span class='ocr_line' id='line_1_3' title="bbox 290 625 1291 724; baseline 0.001 -24"><span class='ocrx_word' id='word_1_9' title='bbox 290 630 494 717; x_wconf 83' lang='lat' dir='ltr'>Passienus,</span> <span class='ocrx_word' id='word_1_10' title='bbox 519 625 582 698; x_wconf 94' lang='lat' dir='ltr'>sed</span> <span class='ocrx_word' id='word_1_11' title='bbox 604 626 722 697; x_wconf 91' lang='lat' dir='ltr'>minus</span> <span class='ocrx_word' id='word_1_12' title='bbox 742 625 870 697; x_wconf 84' lang='lat' dir='ltr'>diserte</span> <span class='ocrx_word' id='word_1_13' title='bbox 887 639 1036 724; x_wconf 88' lang='lat' dir='ltr'>uterque</span> <span class='ocrx_word' id='word_1_14' title='bbox 1061 653 1170 724; x_wconf 86' lang='lat' dir='ltr'>quam</span> <span class='ocrx_word' id='word_1_15' title='bbox 1192 628 1291 701; x_wconf 91' lang='lat' dir='ltr'>dice-</span> 
     </span>
     <span class='ocr_line' id='line_1_4' title="bbox 288 741 1291 842; baseline 0.002 -27"><span class='ocrx_word' id='word_1_16' title='bbox 288 743 376 816; x_wconf 92' lang='lat' dir='ltr'>bant</span> <span class='ocrx_word' id='word_1_17' title='bbox 391 747 532 816; x_wconf 71' lang='lat' dir='ltr'>causas²</span> <span class='ocrx_word' id='word_1_18' title='bbox 548 769 558 812; x_wconf 79' lang='lat' dir='ltr'><em>z</em></span> <span class='ocrx_word' id='word_1_19' title='bbox 577 756 710 837; x_wconf 89' lang='lat' dir='ltr'>quanta</span> <span class='ocrx_word' id='word_1_20' title='bbox 732 741 816 814; x_wconf 88' lang='lat' dir='ltr'>inde</span> <span class='ocrx_word' id='word_1_21' title='bbox 837 741 1054 815; x_wconf 71' lang='lat' dir='ltr'>scholasticis</span> <span class='ocrx_word' id='word_1_22' title='bbox 1070 744 1199 841; x_wconf 85' lang='lat' dir='ltr'>gloria,</span> <span class='ocrx_word' id='word_1_23' title='bbox 1224 747 1291 842; x_wconf 94' lang='lat' dir='ltr'>qui</span> 
     </span>
     <span class='ocr_line' id='line_1_5' title="bbox 288 854 1292 955; baseline 0.001 -26"><span class='ocrx_word' id='word_1_24' title='bbox 288 858 347 929; x_wconf 52' lang='lat' dir='ltr'>‘vel</span> <span class='ocrx_word' id='word_1_25' title='bbox 376 857 421 929; x_wconf 92' lang='lat' dir='ltr'>de</span> <span class='ocrx_word' id='word_1_26' title='bbox 454 855 653 928; x_wconf 78' lang='lat' dir='ltr'>forensibus</span> <span class='ocrx_word' id='word_1_27' title='bbox 683 854 884 927; x_wconf 91' lang='lat' dir='ltr'>oratoribus</span> <span class='ocrx_word' id='word_1_28' title='bbox 925 856 1145 955; x_wconf 80' lang='lat' dir='ltr'>triumphare</span> <span class='ocrx_word' id='word_1_29' title='bbox 1191 858 1292 930; x_wconf 89' lang='lat' dir='ltr'>vide·</span> 
     </span>
     <span class='ocr_line' id='line_1_6' title="bbox 288 968 439 1045; baseline -0.007 -2"><span class='ocrx_word' id='word_1_30' title='bbox 288 968 439 1045; x_wconf 86' lang='lat' dir='ltr'>bantur!</span> 
     </span>
    </p>
   </div>
   <div class='ocr_carea' id='block_1_3' title="bbox 564 1263 1011 1345">
    <p class='ocr_par' dir='ltr' id='par_1_3' title="bbox 564 1263 1011 1345">
     <span class='ocr_line' id='line_1_7' title="bbox 564 1263 1011 1345; baseline -0.004 -21"><span class='ocrx_word' id='word_1_31' title='bbox 564 1263 587 1345; x_wconf 72' lang='lat' dir='ltr'>S</span> <span class='ocrx_word' id='word_1_32' title='bbox 606 1267 644 1324; x_wconf 91' lang='lat'>11.</span> <span class='ocrx_word' id='word_1_33' title='bbox 666 1268 711 1322; x_wconf 85' lang='lat' dir='ltr'>De</span> <span class='ocrx_word' id='word_1_34' title='bbox 724 1277 787 1322; x_wconf 84' lang='lat' dir='ltr'>arte</span> <span class='ocrx_word' id='word_1_35' title='bbox 800 1266 1011 1321; x_wconf 79' lang='lat' dir='ltr'>declamatoria.</span> 
     </span>
    </p>
   </div>
   <div class='ocr_carea' id='block_1_4' title="bbox 286 1518 1303 3740">
    <p class='ocr_par' dir='ltr' id='par_1_4' title="bbox 286 1518 1303 3740">
     <span class='ocr_line' id='line_1_8' title="bbox 336 1518 1286 1612; baseline 0.002 -23"><span class='ocrx_word' id='word_1_36' title='bbox 336 1519 562 1590; x_wconf 88' lang='lat' dir='ltr'>Meminimus</span> <span class='ocrx_word' id='word_1_37' title='bbox 580 1518 793 1590; x_wconf 87' lang='lat' dir='ltr'>declamatas</span> <span class='ocrx_word' id='word_1_38' title='bbox 812 1543 888 1589; x_wconf 90' lang='lat' dir='ltr'>esse</span> <span class='ocrx_word' id='word_1_39' title='bbox 911 1543 931 1590; x_wconf 93' lang='lat' dir='ltr'>a</span> <span class='ocrx_word' id='word_1_40' title='bbox 955 1519 1125 1590; x_wconf 89' lang='lat' dir='ltr'>Cicerone</span> <span class='ocrx_word' id='word_1_41' title='bbox 1141 1543 1286 1612; x_wconf 83' lang='lat' dir='ltr'>causas,</span> 
     </span>
     <span class='ocr_line' id='line_1_9' title="bbox 287 1633 1288 1734; baseline -0.003 -28"><span class='ocrx_word' id='word_1_42' title='bbox 287 1659 396 1734; x_wconf 89' lang='lat' dir='ltr'>quam</span> <span class='ocrx_word' id='word_1_43' title='bbox 418 1634 612 1706; x_wconf 91' lang='lat' dir='ltr'>simillimas</span> <span class='ocrx_word' id='word_1_44' title='bbox 637 1658 779 1726; x_wconf 87' lang='lat' dir='ltr'>earum,</span> <span class='ocrx_word' id='word_1_45' title='bbox 806 1659 884 1732; x_wconf 89' lang='lat' dir='ltr'>quae</span> <span class='ocrx_word' id='word_1_46' title='bbox 910 1634 946 1705; x_wconf 93' lang='lat' dir='ltr'>in</span> <span class='ocrx_word' id='word_1_47' title='bbox 976 1634 1095 1707; x_wconf 87' lang='lat' dir='ltr'>lorum</span> <span class='ocrx_word' id='word_1_48' title='bbox 1122 1633 1288 1705; x_wconf 88' lang='lat' dir='ltr'>deserun-</span> 
     </span>
     <span class='ocr_line' id='line_1_10' title="bbox 288 1747 1289 1836; baseline -0.003 -17"><span class='ocrx_word' id='word_1_49' title='bbox 288 1762 358 1819; x_wconf 87' lang='lat' dir='ltr'>tur.</span> <span class='ocrx_word' id='word_1_50' title='bbox 374 1747 465 1820; x_wconf 86' lang='lat' dir='ltr'>&#39;lalis</span> <span class='ocrx_word' id='word_1_51' title='bbox 479 1748 702 1836; x_wconf 85' lang='lat' dir='ltr'>exercitatio,</span> <span class='ocrx_word' id='word_1_52' title='bbox 720 1749 750 1819; x_wconf 94' lang='lat' dir='ltr'>si</span> <span class='ocrx_word' id='word_1_53' title='bbox 766 1748 859 1819; x_wconf 91' lang='lat' dir='ltr'>intra</span> <span class='ocrx_word' id='word_1_54' title='bbox 873 1763 989 1818; x_wconf 91' lang='lat' dir='ltr'>certos</span> <span class='ocrx_word' id='word_1_55' title='bbox 1002 1771 1039 1817; x_wconf 90' lang='lat' dir='ltr'>se</span> <span class='ocrx_word' id='word_1_56' title='bbox 1053 1747 1289 1816; x_wconf 88' lang='lat' dir='ltr'>continuisset</span> 
     </span>
     <span class='ocr_line' id='line_1_11' title="bbox 288 1856 1290 1954; baseline -0.003 -23"><span class='ocrx_word' id='word_1_57' title='bbox 288 1860 396 1949; x_wconf 76' lang='lat' dir='ltr'>fineS,</span> <span class='ocrx_word' id='word_1_58' title='bbox 420 1861 511 1932; x_wconf 89' lang='lat' dir='ltr'>adeo</span> <span class='ocrx_word' id='word_1_59' title='bbox 535 1886 608 1931; x_wconf 92' lang='lat' dir='ltr'>non</span> <span class='ocrx_word' id='word_1_60' title='bbox 632 1862 725 1931; x_wconf 86' lang='lat' dir='ltr'>mala</span> <span class='ocrx_word' id='word_1_61' title='bbox 746 1860 867 1930; x_wconf 88' lang='lat' dir='ltr'>suisset</span> <span class='ocrx_word' id='word_1_62' title='bbox 893 1871 928 1930; x_wconf 89' lang='lat' dir='ltr'>et</span> <span class='ocrx_word' id='word_1_63' title='bbox 953 1859 1163 1954; x_wconf 84' lang='lat' dir='ltr'>eloquentiae</span> <span class='ocrx_word' id='word_1_64' title='bbox 1188 1856 1290 1928; x_wconf 89' lang='lat' dir='ltr'>dam·</span> 
     </span>
     <span class='ocr_line' id='line_1_12' title="bbox 287 1970 1289 2070; baseline 0.001 -26"><span class='ocrx_word' id='word_1_65' title='bbox 287 1999 399 2061; x_wconf 92' lang='lat' dir='ltr'>nosa,</span> <span class='ocrx_word' id='word_1_66' title='bbox 426 1989 466 2044; x_wconf 93' lang='lat' dir='ltr'>ut</span> <span class='ocrx_word' id='word_1_67' title='bbox 483 1988 609 2046; x_wconf 89' lang='lat' dir='ltr'>contra</span> <span class='ocrx_word' id='word_1_68' title='bbox 631 1972 828 2070; x_wconf 92' lang='lat' dir='ltr'>plurimum</span> <span class='ocrx_word' id='word_1_69' title='bbox 844 1971 890 2043; x_wconf 91' lang='lat' dir='ltr'>ad</span> <span class='ocrx_word' id='word_1_70' title='bbox 907 1995 986 2043; x_wconf 87' lang='lat' dir='ltr'>earn</span> <span class='ocrx_word' id='word_1_71' title='bbox 1003 1970 1236 2043; x_wconf 85' lang='lat' dir='ltr'>excolendam</span> <span class='ocrx_word' id='word_1_72' title='bbox 1253 1987 1289 2045; x_wconf 91' lang='lat' dir='ltr'>et</span> 
     </span>
     <span class='ocr_line' id='line_1_13' title="bbox 286 2084 1289 2184; baseline 0.001 -30"><span class='ocrx_word' id='word_1_73' title='bbox 286 2084 559 2184; x_wconf 80' lang='lat' dir='ltr'>provehendam</span> <span class='ocrx_word' id='word_1_74' title='bbox 576 2086 737 2157; x_wconf 81' lang='lat' dir='ltr'>conferre</span> <span class='ocrx_word' id='word_1_75' title='bbox 752 2085 937 2184; x_wconf 87' lang='lat' dir='ltr'>potuisset.</span> <span class='ocrx_word' id='word_1_76' title='bbox 960 2084 1068 2172; x_wconf 89' lang='lat' dir='ltr'>Quod</span> <span class='ocrx_word' id='word_1_77' title='bbox 1085 2085 1218 2182; x_wconf 90' lang='lat' dir='ltr'>optime</span> <span class='ocrx_word' id='word_1_78' title='bbox 1235 2084 1289 2155; x_wconf 95' lang='lat' dir='ltr'>in-</span> 
     </span>
     <span class='ocr_line' id='line_1_14' title="bbox 287 2198 1289 2298; baseline 0 -29"><span class='ocrx_word' id='word_1_79' title='bbox 287 2198 420 2271; x_wconf 84' lang='lat' dir='ltr'>tellexit</span> <span class='ocrx_word' id='word_1_80' title='bbox 436 2199 732 2298; x_wconf 88' lang='lat' dir='ltr'>prudentissimus</span> <span class='ocrx_word' id='word_1_81' title='bbox 750 2199 808 2270; x_wconf 92' lang='lat' dir='ltr'>ille</span> <span class='ocrx_word' id='word_1_82' title='bbox 825 2215 860 2271; x_wconf 88' lang='lat' dir='ltr'>et</span> <span class='ocrx_word' id='word_1_83' title='bbox 876 2199 1121 2296; x_wconf 86' lang='lat' dir='ltr'>sagacissimus</span> <span class='ocrx_word' id='word_1_84' title='bbox 1138 2199 1289 2269; x_wconf 88' lang='lat' dir='ltr'>oratoris</span> 
     </span>
     <span class='ocr_line' id='line_1_15' title="bbox 288 2313 1288 2412; baseline -0.002 -28"><span class='ocrx_word' id='word_1_85' title='bbox 288 2313 486 2404; x_wconf 88' lang='lat' dir='ltr'>institutor,</span> <span class='ocrx_word' id='word_1_86' title='bbox 521 2319 568 2385; x_wconf 89' lang='lat' dir='ltr'>M.</span> <span class='ocrx_word' id='word_1_87' title='bbox 595 2313 742 2401; x_wconf 87' lang='lat' dir='ltr'>Fabius,</span> <span class='ocrx_word' id='word_1_88' title='bbox 769 2314 831 2410; x_wconf 93' lang='lat' dir='ltr'>qui</span> <span class='ocrx_word' id='word_1_89' title='bbox 849 2339 925 2384; x_wconf 94' lang='lat' dir='ltr'>non</span> <span class='ocrx_word' id='word_1_90' title='bbox 942 2328 1082 2412; x_wconf 87' lang='lat' dir='ltr'>poterat</span> <span class='ocrx_word' id='word_1_91' title='bbox 1100 2313 1187 2408; x_wconf 92' lang='lat' dir='ltr'>quin</span> <span class='ocrx_word' id='word_1_92' title='bbox 1203 2337 1288 2382; x_wconf 91' lang='lat' dir='ltr'>cum</span> 
     </span>
     <span class='ocr_line' id='line_1_16' title="bbox 287 2424 1289 2515; baseline -0.001 -19"><span class='ocrx_word' id='word_1_93' title='bbox 287 2426 401 2496; x_wconf 86' lang='lat' dir='ltr'>Tullio</span> <span class='ocrx_word' id='word_1_94' title='bbox 419 2427 582 2515; x_wconf 88' lang='lat' dir='ltr'>sentiret,</span> <span class='ocrx_word' id='word_1_95' title='bbox 602 2440 637 2495; x_wconf 90' lang='lat' dir='ltr'>et</span> <span class='ocrx_word' id='word_1_96' title='bbox 650 2425 755 2495; x_wconf 89' lang='lat' dir='ltr'>simili</span> <span class='ocrx_word' id='word_1_97' title='bbox 770 2425 1066 2496; x_wconf 88' lang='lat' dir='ltr'>declamationem</span> <span class='ocrx_word' id='word_1_98' title='bbox 1080 2424 1289 2495; x_wconf 88' lang='lat' dir='ltr'>conditione</span> 
     </span>
     <span class='ocr_line' id='line_1_17' title="bbox 289 2535 1289 2633; baseline -0.001 -25"><span class='ocrx_word' id='word_1_99' title='bbox 289 2537 464 2608; x_wconf 85' lang='lat' dir='ltr'>definiret.</span> <span class='ocrx_word' id='word_1_100' title='bbox 484 2537 631 2623; x_wconf 85' lang='lat' dir='ltr'>Quoties</span> <span class='ocrx_word' id='word_1_101' title='bbox 644 2537 741 2606; x_wconf 86' lang='lat' dir='ltr'>enirn</span> <span class='ocrx_word' id='word_1_102' title='bbox 755 2535 911 2633; x_wconf 84' lang='lat' dir='ltr'>aliquam</span> <span class='ocrx_word' id='word_1_103' title='bbox 926 2536 1008 2607; x_wconf 88' lang='lat' dir='ltr'>facit</span> <span class='ocrx_word' id='word_1_104' title='bbox 1021 2535 1289 2607; x_wconf 84' lang='lat' dir='ltr'>declamationis</span> 
     </span>
     <span class='ocr_line' id='line_1_18' title="bbox 290 2647 1285 2747; baseline 0 -28"><span class='ocrx_word' id='word_1_105' title='bbox 290 2650 530 2738; x_wconf 89' lang='lat' dir='ltr'>mentionem,</span> <span class='ocrx_word' id='word_1_106' title='bbox 550 2647 638 2747; x_wconf 94' lang='lat' dir='ltr'>quid</span> <span class='ocrx_word' id='word_1_107' title='bbox 654 2650 698 2720; x_wconf 91' lang='lat' dir='ltr'>sit</span> <span class='ocrx_word' id='word_1_108' title='bbox 715 2649 955 2746; x_wconf 90' lang='lat' dir='ltr'>sequendum,</span> <span class='ocrx_word' id='word_1_109' title='bbox 977 2648 1064 2746; x_wconf 90' lang='lat' dir='ltr'>quid</span> <span class='ocrx_word' id='word_1_110' title='bbox 1083 2648 1285 2740; x_wconf 83' lang='lat' dir='ltr'>vitandum,</span> 
     </span>
     <span class='ocr_line' id='line_1_19' title="bbox 288 2763 1290 2836; baseline -0.001 -1"><span class='ocrx_word' id='word_1_111' title='bbox 288 2763 395 2836; x_wconf 91' lang='lat' dir='ltr'>simul</span> <span class='ocrx_word' id='word_1_112' title='bbox 412 2763 595 2835; x_wconf 83' lang='lat' dir='ltr'>admonet.</span> <span class='ocrx_word' id='word_1_113' title='bbox 617 2763 699 2833; x_wconf 89' lang='lat' dir='ltr'>Vult</span> <span class='ocrx_word' id='word_1_114' title='bbox 715 2763 811 2834; x_wconf 90' lang='lat' dir='ltr'>enim</span> <span class='ocrx_word' id='word_1_115' title='bbox 827 2777 889 2834; x_wconf 93' lang='lat' dir='ltr'>aut</span> <span class='ocrx_word' id='word_1_116' title='bbox 904 2786 1006 2832; x_wconf 86' lang='lat' dir='ltr'>veras</span> <span class='ocrx_word' id='word_1_117' title='bbox 1021 2786 1143 2833; x_wconf 89' lang='lat' dir='ltr'>causas</span> <span class='ocrx_word' id='word_1_118' title='bbox 1160 2778 1290 2834; x_wconf 88' lang='lat' dir='ltr'>retrac-</span> 
     </span>
     <span class='ocr_line' id='line_1_20' title="bbox 289 2874 1289 2972; baseline -0.003 -23"><span class='ocrx_word' id='word_1_119' title='bbox 289 2878 373 2967; x_wconf 87' lang='lat' dir='ltr'>tari,</span> <span class='ocrx_word' id='word_1_120' title='bbox 393 2893 453 2949; x_wconf 89' lang='lat' dir='ltr'>aut</span> <span class='ocrx_word' id='word_1_121' title='bbox 467 2902 654 2949; x_wconf 88' lang='lat' dir='ltr'>causarum</span> <span class='ocrx_word' id='word_1_122' title='bbox 671 2877 836 2948; x_wconf 90' lang='lat' dir='ltr'>materias</span> <span class='ocrx_word' id='word_1_123' title='bbox 858 2875 944 2972; x_wconf 83' lang='lat' dir='ltr'>fingi</span> <span class='ocrx_word' id='word_1_124' title='bbox 963 2901 1073 2972; x_wconf 88' lang='lat' dir='ltr'>quam</span> <span class='ocrx_word' id='word_1_125' title='bbox 1093 2874 1289 2946; x_wconf 88' lang='lat' dir='ltr'>simillimas</span> 
     </span>
     <span class='ocr_line' id='line_1_21' title="bbox 288 2985 1290 3085; baseline -0.002 -27"><span class='ocrx_word' id='word_1_126' title='bbox 288 2988 451 3078; x_wconf 80' lang='lat' dir='ltr'>veritati3</span> <span class='ocrx_word' id='word_1_127' title='bbox 491 3013 608 3085; x_wconf 91' lang='lat' dir='ltr'>neque</span> <span class='ocrx_word' id='word_1_128' title='bbox 645 2985 846 3084; x_wconf 91' lang='lat' dir='ltr'>quidquam</span> <span class='ocrx_word' id='word_1_129' title='bbox 877 2986 968 3055; x_wconf 93' lang='lat' dir='ltr'>inter</span> <span class='ocrx_word' id='word_1_130' title='bbox 1003 2985 1143 3056; x_wconf 84' lang='lat' dir='ltr'>forense</span> <span class='ocrx_word' id='word_1_131' title='bbox 1177 3010 1290 3081; x_wconf 81' lang='lat' dir='ltr'>genus</span> 
     </span>
     <span class='ocr_line' id='line_1_22' title="bbox 289 3098 1290 3199; baseline -0.004 -25"><span class='ocrx_word' id='word_1_132' title='bbox 289 3117 396 3199; x_wconf 89' lang='lat' dir='ltr'>atque</span> <span class='ocrx_word' id='word_1_133' title='bbox 428 3102 500 3173; x_wconf 86' lang='lat' dir='ltr'>hoo</span> <span class='ocrx_word' id='word_1_134' title='bbox 532 3100 826 3171; x_wconf 89' lang='lat' dir='ltr'>declamatorium</span> <span class='ocrx_word' id='word_1_135' title='bbox 856 3098 1024 3169; x_wconf 87' lang='lat' dir='ltr'>interesse</span> <span class='ocrx_word' id='word_1_136' title='bbox 1055 3113 1181 3195; x_wconf 91' lang='lat' dir='ltr'>putat,</span> <span class='ocrx_word' id='word_1_137' title='bbox 1218 3098 1290 3171; x_wconf 91' lang='lat' dir='ltr'>nisi</span> 
     </span>
     <span class='ocr_line' id='line_1_23' title="bbox 289 3209 1298 3312; baseline -0.005 -28"><span class='ocrx_word' id='word_1_138' title='bbox 289 3213 389 3312; x_wconf 93' lang='lat' dir='ltr'>quod</span> <span class='ocrx_word' id='word_1_139' title='bbox 406 3213 556 3284; x_wconf 87' lang='lat' dir='ltr'>alterum</span> <span class='ocrx_word' id='word_1_140' title='bbox 569 3215 605 3283; x_wconf 93' lang='lat' dir='ltr'>in</span> <span class='ocrx_word' id='word_1_141' title='bbox 622 3213 720 3302; x_wconf 88' lang='lat' dir='ltr'>foro,</span> <span class='ocrx_word' id='word_1_142' title='bbox 740 3213 889 3283; x_wconf 89' lang='lat' dir='ltr'>alterum</span> <span class='ocrx_word' id='word_1_143' title='bbox 906 3211 942 3282; x_wconf 91' lang='lat' dir='ltr'>in</span> <span class='ocrx_word' id='word_1_144' title='bbox 960 3210 1082 3282; x_wconf 87' lang='lat' dir='ltr'>schola</span> <span class='ocrx_word' id='word_1_145' title='bbox 1096 3209 1298 3301; x_wconf 62' lang='lat' dir='ltr'>habeatur,</span> 
     </span>
     <span class='ocr_line' id='line_1_24' title="bbox 288 3324 1286 3421; baseline -0.008 -21"><span class='ocrx_word' id='word_1_146' title='bbox 288 3327 442 3401; x_wconf 92' lang='lat' dir='ltr'>alterum</span> <span class='ocrx_word' id='word_1_147' title='bbox 460 3327 504 3396; x_wconf 90' lang='lat' dir='ltr'>sit</span> <span class='ocrx_word' id='word_1_148' title='bbox 524 3350 668 3417; x_wconf 86' lang='lat' dir='ltr'>verum,</span> <span class='ocrx_word' id='word_1_149' title='bbox 692 3326 843 3398; x_wconf 87' lang='lat' dir='ltr'>alterurn</span> <span class='ocrx_word' id='word_1_150' title='bbox 859 3326 932 3395; x_wconf 88' lang='lat' dir='ltr'>veri</span> <span class='ocrx_word' id='word_1_151' title='bbox 950 3325 1067 3421; x_wconf 84' lang='lat' dir='ltr'>imago</span> <span class='ocrx_word' id='word_1_152' title='bbox 1086 3324 1286 3395; x_wconf 80' lang='lat' dir='ltr'>simillima³.</span> 
     </span>
     <span class='ocr_line' id='line_1_25' title="bbox 291 3435 1303 3533; baseline -0.006 -19"><span class='ocrx_word' id='word_1_153' title='bbox 291 3447 344 3514; x_wconf 79' lang='lat' dir='ltr'>An</span> <span class='ocrx_word' id='word_1_154' title='bbox 365 3467 449 3513; x_wconf 90' lang='lat' dir='ltr'>cum</span> <span class='ocrx_word' id='word_1_155' title='bbox 464 3438 624 3510; x_wconf 85' lang='lat' dir='ltr'>Tulliano</span> <span class='ocrx_word' id='word_1_156' title='bbox 646 3463 687 3509; x_wconf 92' lang='lat' dir='ltr'>ac</span> <span class='ocrx_word' id='word_1_157' title='bbox 707 3437 862 3509; x_wconf 90' lang='lat' dir='ltr'>Fabiano</span> <span class='ocrx_word' id='word_1_158' title='bbox 877 3436 1013 3533; x_wconf 88' lang='lat' dir='ltr'>judicio</span> <span class='ocrx_word' id='word_1_159' title='bbox 1032 3452 1205 3533; x_wconf 85' lang='lat' dir='ltr'>congruat</span> <span class='ocrx_word' id='word_1_160' title='bbox 1227 3435 1303 3508; x_wconf 88' lang='lat' dir='ltr'>de··</span> 
     </span>
     <span class='ocr_line' id='line_1_26' title="bbox 290 3550 1290 3650; baseline -0.002 -24"><span class='ocrx_word' id='word_1_161' title='bbox 290 3555 526 3628; x_wconf 88' lang='lat' dir='ltr'>clamatorum</span> <span class='ocrx_word' id='word_1_162' title='bbox 550 3552 663 3642; x_wconf 86' lang='lat' dir='ltr'>ratio,</span> <span class='ocrx_word' id='word_1_163' title='bbox 691 3550 912 3650; x_wconf 87' lang='lat' dir='ltr'>perpendere</span> <span class='ocrx_word' id='word_1_164' title='bbox 934 3575 1030 3625; x_wconf 89' lang='lat' dir='ltr'>nunc</span> <span class='ocrx_word' id='word_1_165' title='bbox 1054 3551 1091 3620; x_wconf 93' lang='lat' dir='ltr'>in</span> <span class='ocrx_word' id='word_1_166' title='bbox 1116 3565 1290 3648; x_wconf 84' lang='lat' dir='ltr'>promptu</span> 
     </span>
     <span class='ocr_line' id='line_1_27' title="bbox 290 3682 958 3740; baseline -0.004 0"><span class='ocrx_word' id='word_1_167' title='bbox 290 3683 356 3740; x_wconf 82' lang='lat' dir='ltr'>est.</span> <span class='ocrx_word' id='word_1_168' title='bbox 953 3682 958 3690; x_wconf 87' lang='lat'>&#39;</span> 
     </span>
    </p>
   </div>
   <div class='ocr_carea' id='block_1_5' title="bbox 329 3889 958 4154">
    <p class='ocr_par' dir='ltr' id='par_1_5' title="bbox 329 3889 958 4154">
     <span class='ocr_line' id='line_1_28' title="bbox 330 3889 958 3975; baseline -0.002 -25"><span class='ocrx_word' id='word_1_169' title='bbox 330 3896 359 3950; x_wconf 89' lang='lat' dir='ltr'>l.</span> <span class='ocrx_word' id='word_1_170' title='bbox 376 3895 476 3951; x_wconf 85' lang='lat' dir='ltr'>Senec.</span> <span class='ocrx_word' id='word_1_171' title='bbox 495 3895 605 3975; x_wconf 74' lang='lat' dir='ltr'>Coum,</span> <span class='ocrx_word' id='word_1_172' title='bbox 617 3889 669 3948; x_wconf 89' lang='lat' dir='ltr'>lib.</span> <span class='ocrx_word' id='word_1_173' title='bbox 692 3889 771 3971; x_wconf 80' lang='lat' dir='ltr'>vulg.</span> <span class='ocrx_word' id='word_1_174' title='bbox 788 3895 824 3964; x_wconf 88' lang='lat' dir='ltr'>V,</span> <span class='ocrx_word' id='word_1_175' title='bbox 840 3895 891 3965; x_wconf 79' lang='lat'>31,</span> <span class='ocrx_word' id='word_1_176' title='bbox 910 3894 958 3949; x_wconf 69' lang='lat'>34.</span> 
     </span>
     <span class='ocr_line' id='line_1_29' title="bbox 329 3979 834 4058; baseline -0.002 -18"><span class='ocrx_word' id='word_1_177' title='bbox 329 3986 359 4041; x_wconf 79' lang='lat'>2.</span> <span class='ocrx_word' id='word_1_178' title='bbox 375 3981 434 4055; x_wconf 90' lang='lat' dir='ltr'>Id.,</span> <span class='ocrx_word' id='word_1_179' title='bbox 449 3985 521 4039; x_wconf 73' lang='lat' dir='ltr'>Eae.</span> <span class='ocrx_word' id='word_1_180' title='bbox 534 3986 672 4053; x_wconf 68' lang='lat' dir='ltr'>Contrua,</span> <span class='ocrx_word' id='word_1_181' title='bbox 685 3982 740 4054; x_wconf 93' lang='lat' dir='ltr'>III,</span> <span class='ocrx_word' id='word_1_182' title='bbox 751 3979 834 4058; x_wconf 69' lang='lat' dir='ltr'>pres.</span> 
     </span>
     <span class='ocr_line' id='line_1_30' title="bbox 330 4075 941 4154; baseline 0 -22"><span class='ocrx_word' id='word_1_183' title='bbox 330 4076 359 4132; x_wconf 82' lang='lat'>3.</span> <span class='ocrx_word' id='word_1_184' title='bbox 376 4079 447 4130; x_wconf 83' lang='lat' dir='ltr'>Inst.</span> <span class='ocrx_word' id='word_1_185' title='bbox 463 4084 549 4145; x_wconf 67' lang='lat' dir='ltr'>orat„</span> <span class='ocrx_word' id='word_1_186' title='bbox 561 4076 601 4145; x_wconf 87' lang='lat' dir='ltr'>X,</span> <span class='ocrx_word' id='word_1_187' title='bbox 621 4075 650 4146; x_wconf 80' lang='lat'>5,</span> <span class='ocrx_word' id='word_1_188' title='bbox 667 4091 766 4154; x_wconf 71' lang='lat' dir='ltr'>pass.;</span> <span class='ocrx_word' id='word_1_189' title='bbox 790 4076 830 4147; x_wconf 91' lang='lat'>11,</span> <span class='ocrx_word' id='word_1_190' title='bbox 847 4075 897 4145; x_wconf 80' lang='lat' dir='ltr'>lo,</span> <span class='ocrx_word' id='word_1_191' title='bbox 914 4076 941 4132; x_wconf 89' lang='grc'>3.</span> 
     </span>
    </p>
   </div>
   <div class='ocr_carea' id='block_1_6' title="bbox 0 0 1406 4980">
    <p class='ocr_par' dir='ltr' id='par_1_6' title="bbox 0 0 1406 4980">
     <span class='ocr_line' id='line_1_31' title="bbox 0 0 1406 4980; baseline 0 0"><span class='ocrx_word' id='word_1_192' title='bbox 0 0 1406 4980; x_wconf 95' lang='lat' dir='ltr'> </span> 
     </span>
    </p>
   </div>
  </div>
 </body>
</html>
