2804 4980
561 371 758 442 ..79-

158 517 301 592 dicendi
310 521 474 608 recisum,
485 533 670 604 structum,
682 517 791 615 liujus
804 522 953 590 recentis
966 519 1160 615 poticuraet

158 629 241 718 Sed,
262 629 360 701 aliud
384 654 507 725 agens,
526 629 602 726 ipse
627 628 710 699 facit
726 627 937 725 corruptelae
955 631 1053 700 istius
1073 655 1162 701 con·

158 740 361 812 sessionem.
384 744 494 811 Notat
514 740 610 810 enim
624 756 768 835 captata
788 738 900 824 verba,
917 755 952 809 et
975 738 1083 835 hujus
1104 767 1164 813 saa-

159 851 232 922 euli
246 876 345 923 more
362 867 486 921 contra
501 867 671 921 naturam
686 877 790 920 suam
796 852 919 945 posita
934 865 972 919 et
987 852 1163 935 inversa';

158 974 261 1032 notat
276 959 446 1056 abruptas
467 961 663 1031 sententias
681 975 721 1028 et
740 961 966 1056 suspiciosas,
988 957 1166 1056 inquibus

155 1071 241 1168 plns
270 1069 535 1168 intelligendum
568 1072 616 1139 sit
644 1095 754 1167 quam
788 1068 1045 1159 audiendum³,
1075 1092 1165 1164 quas

159 1181 305 1280 quidem
339 1179 620 1275 ingeniosissime
652 1194 764 1250 vocat
790 1182 975 1278 augentius
999 1179 1163 1269 inanes'‘;

161 1304 263 1363 notat
280 1290 429 1362 nimiam
447 1291 668 1388 poeticarum
680 1288 954 1361 translationum
969 1287 1165 1376 licentiam,
1228 1280 1230 1285 Α

162 1415 198 1471 et
220 1402 424 1471 sonantium
456 1424 499 1468 ac
516 1401 738 1494 poeticorum
765 1397 946 1468 verborum
970 1396 1167 1479 affectatio·

162 1524 246 1589 nem
257 1513 278 1579 ¹.
300 1513 439 1579 Horum
463 1509 628 1579 omnium
646 1504 816 1579 uitiorum
834 1530 979 1578 causam
997 1505 1168 1600 sagaciter

163 1616 350 1711 dijudicat,
377 1616 535 1686 studium
563 1630 696 1713 nempe
718 1617 906 1712 voluptatis
927 1631 963 1687 et
987 1617 1164 1703 novitatis.

164 1724 320 1814 Quando
337 1725 433 1795 enim
460 1724 619 1823 primum
637 1724 855 1817 eloquentia,
887 1748 962 1793 non
981 1722 1078 1819 apud
1099 1725 1168 1793 Ro·

165 1859 292 1907 manos
320 1835 445 1926 modo,
468 1835 531 1907 sed
555 1833 652 1932 apud
680 1858 807 1905 omnes
823 1849 946 1930 gentes
969 1831 1168 1911 necessario

165 1945 324 2040 quodam
341 1947 413 2017 sato
439 1943 688 2042 degeneravit?
708 1942 913 2041 Respondet
941 1946 980 2011 L.
1002 1945 1136 2012 Seneca
1158 1968 1166 2012 ε

168 2056 319 2139 «Quum
339 2054 480 2125 animus
495 2054 600 2123 cessit
612 2052 800 2150 voluptati,
816 2077 930 2149 quum
942 2054 979 2121 in
995 2049 1170 2122 medullas

165 2187 369 2259 nervosque
404 2162 623 2233 descendere
655 2161 849 2232 deliciae...
870 2185 984 2256 quum
1016 2160 1170 2231 assuevit

168 2275 310 2346 animus
327 2273 483 2345 fastidire
496 2298 575 2368 quae
592 2297 635 2342 ex
652 2295 753 2342 more
770 2286 871 2360 sunt,
896 2284 932 2340 et
949 2269 999 2340 illi
1013 2293 1080 2366 pro
1099 2291 1172 2339 sor·

167 2385 261 2458 didis
293 2385 397 2458 solita
423 2400 518 2475 sunt,
544 2399 579 2455 et
603 2382 705 2481 quod
732 2408 869 2454 novum
892 2398 945 2454 est
970 2381 1094 2478 quaerit
1104 2382 1127 2450 ⁶.
1149 2406 1168 2446 a

166 2502 249 2569 llaec
261 2498 289 2569 si
304 2524 444 2597 semper
460 2498 572 2569 menti
590 2495 696 2566 infixa
709 2510 744 2566 et
758 2494 965 2592 cogitationi
974 2493 1169 2583 habuisset,
1255 2480 1257 2484 ’

169 2624 308 2706 poterat
324 2610 470 2679 sortasse
488 2614 526 2678 L.
540 2612 686 2692 Seneca,
706 2631 773 2704 pro
794 2632 860 2678 suo
886 2607 1042 2702 ingenio,
1062 2617 1175 2674 retar-

169 2719 255 2790 dare
278 2716 457 2788 labentem
491 2715 747 2810 eloquentiam,
778 2738 886 2809 quam
905 2726 1033 2782 contra
1058 2734 1174 2780 exem·

69 2865 73 2871 ·
170 2826 238 2924 plis
252 2825 470 2924 praeeipitem
497 2823 596 2894 dedit
618 2847 734 2893 :nam
761 2845 987 2893 summorum
1012 2819 1175 2900 virorum

170 2958 310 3006 errores
319 2934 476 3031 sequitur
485 2957 528 3004 ac
541 2931 807 3030 supergreditur
822 2929 940 3003 statim
955 2928 1176 3001 imitatorum

170 3048 318 3120 stultum
330 3072 454 3145 pecus.

211 3249 243 3307 1.
257 3249 368 3320 Epist,
381 3246 415 3315 c,
431 3245 461 3302 t.

213 3337 243 3395 2.
262 3333 353 3407 ibid,
366 3335 399 3406 c,
412 3336 445 3393 1.

213 3428 243 3484 3.
258 3423 348 3495 thid„
365 3425 467 3498 cxlv,
482 3423 496 3478 1
516 3432 544 3478 et
558 3424 608 3481 10.

213 3517 243 3574 1.
261 3514 349 3586 thid,
365 3515 399 3585 c,
415 3514 444 3569 t.

214 3606 245 3662 5.
261 3603 350 3678 thid,
365 3604 466 3675 CXIV,
482 3602 513 3672 1,
529 3598 625 3674 eju.

216 3697 246 3755 6.
260 3693 350 3769 Ibid„
364 3693 465 3766 cxlv,
481 3692 533 3773 10,
545 3690 599 3762 aa.
