2804 4980
600 382 795 458 ..267-

192 551 264 622 tus,
285 541 345 608 aut
353 537 533 609 seriarum
554 559 675 607 rerum
692 530 832 605 assidua
845 518 1057 605 tractatione
1074 518 1198 605 lirina·

193 661 262 739 tus,
279 673 510 720 communem
528 647 646 719 labem
663 645 798 717 eximiis
821 635 1009 745 virtutibus
1023 668 1197 744 compen·
1286 718 1289 723 ,

193 759 296 849 saba,
316 761 559 831 omninonon
577 758 732 854 effugiet.
863 854 866 859 ἢ

214 868 374 942 ¹-Cont'ra
402 871 603 941 orationem
627 865 810 938 Ciceronis
836 865 1071 963 exsultantem
1091 889 1200 963 supra

191 983 344 1054 modum
358 1006 400 1054 ac
418 983 696 1080 superfluentem
713 978 909 1051 Atticorum
925 993 1019 1049 secta
1037 988 1201 1048 moverat

193 1092 403 1192 imprudens
427 1094 546 1181 litem,
567 1117 646 1188 quae
670 1092 706 1160 in
736 1090 831 1186 ipsos
859 1113 944 1159 mox
971 1093 1105 1158 retorta
1132 1099 1197 1156 est.

195 1207 408 1302 Corruptam
425 1203 606 1274 Ciceronis
626 1199 925 1298 compositionem
936 1198 1199 1294 judicaverant,

197 1341 347 1413 eamque
365 1312 643 1414 postposuerant
665 1304 788 1385 solutae
810 1310 954 1381 cuidam
981 1310 1136 1381 orationi
1159 1332 1201 1380 ac

196 1431 342 1501 minutis
364 1430 566 1519 sententiis3
585 1451 673 1525 quas
692 1425 750 1497 ille
767 1426 842 1522 ipse
860 1449 935 1494 non
949 1421 1199 1521 improbabat,

195 1541 308 1612 modo
327 1542 414 1611 citra
430 1541 691 1612 affectationem
714 1537 976 1635 ponerentur¹;
999 1533 1138 1630 siquid
1165 1535 1202 1604 in

195 1650 238 1720 iis
255 1651 407 1722 nimium
424 1665 526 1739 esset,
539 1648 752 1719 deridebat¹.
772 1648 817 1715 Hi
835 1646 942 1744 primi
956 1643 1170 1715 Ciceronisf
1309 1702 1311 1706 .

196 1784 306 1846 mam,
323 1760 483 1830 sanitatis
498 1758 662 1843 obtentu,
676 1755 929 1826 lacessiverunt
939 1780 948 1843 ;
959 1753 1033 1848 jam
1048 1753 1210 1858 adsunt,

197 1875 259 1968 qui
288 1873 383 1944 hanc
414 1864 639 1944 laborantem
672 1885 708 1942 et
740 1881 944 1966 quassatam
983 1871 1209 1969 adoriemur,

194 1983 469 2080 corruptissimi.
498 1984 526 2053 li
548 2006 694 2081 quoque
722 1979 849 2054 breves
871 1996 907 2055 et
935 1999 1056 2055 acutas
1093 2000 1208 2056 secta-

197 2095 333 2168 buntur
361 2099 581 2187 sententias,
616 2099 679 2169 sed
715 2124 825 2196 quam
864 2099 1026 2171 dissimili
1059 2100 1203 2172 animol

197 2209 340 2279 Scilicet
368 2223 403 2278 et
436 2209 593 2280 Asiaticis
625 2209 829 2279 communis
859 2224 934 2279 erat
962 2210 1100 2281 minuta
1132 2210 1212 2283 baec

197 2333 234 2389 et
247 2303 474 2388 sententiosa
498 2320 634 2408 oratio,
654 2343 764 2415 quam
781 2316 928 2415 quidem
956 2318 1127 2390 acerrime
1144 2343 1209 2390 re-

171 2473 174 2480 ·
197 2431 413 2530 prehendit,
441 2446 477 2502 et
495 2456 542 2502 ne
561 2433 596 2501 in
614 2446 800 2530 posterum
821 2445 955 2502 crescat
976 2446 1083 2528 atque
1107 2433 1211 2507 cillo-

197 2557 331 2631 rescat,
358 2542 587 2613 abominatur
616 2545 691 2642 ipse
718 2542 883 2614 Tullius⁸.
904 2547 983 2615 Non
1008 2543 1111 2618 valde
1133 2547 1213 2620 dis-¹

199 2653 401 2726 sentiebant
418 2654 468 2723 illi
486 2669 528 2743 et
540 2656 665 2726 Attici:
686 2680 799 2752 quum
817 2655 914 2726 enim
932 2656 967 2725 in
987 2659 1137 2757 Dialogo
1162 2660 1213 2731 (ἰῶ

198 2763 396 2835 oratoribus
429 2767 478 2833 Μ.
517 2767 611 2860 Aper
645 2766 682 2834 in
725 2790 869 2836 causam
904 2791 1035 2857 suam,
1072 2771 1205 2844 mutari

199 2898 331 2972 nempe
347 2898 430 2943 cum
444 2872 668 2970 temporibus
682 2873 816 2947 formas
833 2890 869 2947 et
883 2901 1014 2972 genera
1032 2879 1175 2959 dicendi
1190 2939 1199 2976 ,

236 3112 267 3168 l.
294 3135 307 3161 a
323 3111 421 3166 Acuta
437 3104 604 3186 crebraeque
618 3109 774 3168 sententiae-
785 3123 948 3189 ponentur,
966 3125 994 3171 et
1011 3113 1109 3174 nescio
1123 3117 1202 3180 uude

198 3209 299 3270 eruta,
312 3209 399 3274 atque
413 3196 443 3255 in
456 3197 513 3257 boc
523 3210 639 3256 oratore
652 3197 910 3260 dominabuntur.»
927 3205 1022 3279 Orat„
1037 3207 1088 3265 Ἡ,
1101 3239 1142 3251 -
1155 3207 1198 3268 (ll.

197 3291 294 3357 Brut„
309 3289 359 3347 83.
653 3334 655 3339 .

128 3443 129 3447 ¹
235 3379 265 3437 2.
288 3380 328 3435 Ut
342 3375 473 3457 Hegesiae
483 3377 655 3439 orationem.
671 3377 715 3438 cf.
730 3396 811 3457 supr.

238 3470 267 3526 3.
290 3466 334 3526 Cl.
351 3486 431 3545 supr.
452 3499 493 3512 -
506 3471 589 3526 Hane
610 3467 771 3526 Atticorum
785 3467 1031 3545 importunitatem
1050 3471 1200 3534 attendere

197 3554 313 3614 videtur
326 3576 355 3613 v.
371 3555 408 3613 cl.
426 3559 453 3613 J.
470 3558 505 3613 V.
522 3559 563 3614 Le
580 3556 662 3615 Clerc
679 3577 686 3610 ι
705 3581 719 3608 a
734 3555 855 3615 Ciceron
876 3573 894 3612 a
912 3556 1055 3632 plusieurs
1075 3559 1130 3619 sois
1150 3560 1199 3631 re·

200 3669 214 3697 a
227 3642 286 3701 lute
296 3656 368 3703 cette
382 3643 501 3722 opinion
511 3644 561 3722 qui
571 3645 760 3722 commeneait
769 3648 786 3702 a
796 3663 827 3703 se
840 3643 984 3722 repandae
992 3650 1062 3724 (que
1073 3667 1127 3708 son
1135 3650 1201 3710 elo·

201 3759 216 3786 a
230 3753 341 3810 queuee
354 3734 450 3812 pleiue
464 3747 492 3793 et
505 3733 680 3794 nombreuse
698 3735 767 3793 etait
786 3735 929 3794 contraire
943 3738 959 3792 a
973 3734 1155 3815 l'atticisme),
1171 3753 1201 3800 et

201 3847 215 3876 a
228 3822 278 3900 qui
301 3841 404 3881 amena
422 3824 488 3902 plus
509 3824 573 3882 tard
591 3825 633 3882 les
646 3825 749 3902 petites
763 3824 882 3903 phrases
898 3827 914 3881 a
927 3824 955 3881 la
968 3825 1113 3904 Senaque,
1128 3816 1199 3889 dont

201 3938 215 3965 a
229 3911 350 3970 Ciceron
368 3910 460 3989 parait
478 3912 550 3971 faire
564 3911 702 3970 d'avance
719 3914 748 3973 le
769 3913 891 3991 pertrait
903 3916 997 3984 (Orat.
1003 3957 1012 3985 ,
1032 3919 1100 3991 71),
1116 3929 1145 3977 et
1156 3917 1199 3977 les

201 4025 215 4052 a
228 3999 413 4078 pointessaus
423 3999 532 4080 dignita
542 4013 644 4062 etsans
653 4001 726 4060 suite
735 4000 786 4060 des
794 4000 1003 4061 declamateurs
1013 3999 1197 4064 de'stcotes.»

197 4088 335 4169 (rama.
351 4090 489 4148 arona
500 4095 525 4168 Ι).
