2804 4980
597 371 794 446 -28-

196 525 355 623 quodam
368 539 474 623 atque
484 521 679 595 exundanti
690 521 788 593 fonte
800 522 996 595 derivatam
1010 549 1086 595 esse
1097 525 1195 622 apud

197 639 352 725 Graecos,
372 651 410 706 ut
422 631 643 731 tragoediam,
656 633 706 703 sic
721 647 756 702 et
770 631 956 705 historiam
967 661 977 724 ;
990 634 1035 705 ad
1048 635 1196 706 Homeri

196 745 388 844 exemplar,
417 767 519 814 musa
543 742 699 839 quadam
724 741 896 838 pedestri,
929 742 1081 814 Annales
1110 767 1195 815 suos

196 853 362 926 direxisse
380 850 618 924 Herodotum.
639 849 863 922 Herodotum
883 851 1014 940 audiit,
1034 851 1196 923 auditum

195 967 338 1055 imitari,
347 979 522 1062 quantum
539 961 677 1034 sinebat
690 961 923 1033 dissimillima
931 978 1071 1049 natura,
1084 963 1198 1038 voluit

194 1076 438 1173 Thucydides3
464 1073 710 1171 Thucydidem
739 1074 942 1170 Xenophon
971 1089 1007 1145 et
1035 1075 1104 1144 alii.
1126 1079 1196 1145 Ve-

194 1185 295 1257 niant
311 1211 396 1282 ergo
411 1210 494 1256 cum
513 1189 672 1254 Homero
687 1208 753 1254 suo
772 1185 1013 1279 grammatici,
1032 1208 1116 1255 cum
1133 1183 1197 1255 de·

195 1295 406 1368 clamatione
426 1320 489 1368 sua
506 1296 691 1366 rhetores:
711 1295 961 1367 historicarum
979 1296 1198 1368 concionum

194 1429 333 1476 morem
350 1431 425 1476 non
444 1405 629 1494 inducent,
650 1404 713 1475 sed
735 1406 909 1502 accipient
927 1431 969 1477 ac
985 1405 1194 1502 vulgabunt.

195 1519 355 1614 Namque
368 1541 451 1614 pars
465 1532 540 1587 erat
557 1516 742 1588 rhetoricae
756 1518 841 1587 artis
853 1516 1022 1607 historia,
1041 1516 1198 1614 ideoque

194 1626 240 1698 de
257 1628 449 1724 ejusmodi
467 1627 690 1698 concionibus
703 1643 737 1698 et
754 1626 1011 1698 hortationibus
1022 1643 1199 1728 praecepta

193 1739 397 1836 suppeditat
422 1739 554 1810 Tullius
572 1739 607 1809 in
632 1738 724 1810 libro
750 1739 813 1834 qui
832 1742 965 1808 Orator
980 1752 1033 1808 est
1050 1739 1199 1835 inscrip-

194 1850 282 1918 tus¹.
305 1849 423 1920 Adfuit
447 1851 555 1923 etiam
585 1864 737 1946 tempus,
760 1873 847 1944 quo,
866 1864 1015 1945 propter
1037 1848 1199 1919 rhetori-

194 1983 273 2030 cam
297 1961 492 2055 quamdam
510 1961 836 2057 importunitatem,
868 1960 981 2054 magis
998 1960 1035 2029 in
1055 1959 1200 2030 concio·

194 2066 317 2139 nando
335 2093 444 2164 quam
462 2071 498 2141 in
518 2069 699 2141 narrando
717 2071 930 2142 commorati
945 2084 1028 2142 sunt
1043 2071 1199 2169 imperiti

192 2177 422 2252 historiarum
457 2182 669 2279 scriptores:
705 2181 806 2278 quod
834 2183 960 2252 vitium
989 2182 1199 2253 accusatio

193 2291 370 2386 prooemio
391 2291 572 2362 Diodorus
591 2290 741 2363 Siculus.
768 2295 847 2362 Non
874 2305 948 2362 tam
975 2290 1091 2386 putidi
1114 2315 1200 2363 sane

193 2399 496 2472 declamationum
508 2401 727 2472 affectatores
747 2386 890 2472 fuerunt
901 2401 1045 2498 Crispus
1068 2400 1199 2471 Sallus-
1297 2398 1301 2405 “

193 2507 263 2579 tius
272 2511 407 2580 etTitus
417 2511 536 2580 Livius
551 2537 559 2579 ε
580 2523 698 2580 tamen
713 2524 862 2605 uterque
875 2508 995 2608 prodit
1004 2534 1105 2580 suam
1115 2535 1199 2581 cum

193 2616 395 2690 rhetoribus
412 2617 721 2709 consuetudinem,
742 2643 853 2715 quum
875 2618 933 2690 ille
951 2618 1007 2689 vel
1023 2634 1127 2690 notas
1141 2620 1197 2689 in·

194 2744 380 2829 tegrasque
398 2747 498 2804 aetate
517 2757 579 2803 sua
598 2732 778 2804 orationes
794 2709 983 2822 adulteret,
1010 2731 1070 2802 hic
1088 2756 1199 2802 unam

194 2843 430 2942 eamdemque
463 2844 606 2916 dicendi
647 2844 850 2917 facultatem
889 2859 924 2915 et
957 2847 1068 2916 corcis
1107 2845 1195 2938 illis,

195 2977 286 3049 quos
307 2958 440 3028 Ennius
456 2972 573 3045 vocat,
605 2944 773 3027 Romanis
791 2970 825 3026 et
843 2955 1007 3026 Annibali
1033 2970 1069 3026 et
1095 2955 1198 3026 cuili-

194 3063 255 3135 bet
278 3069 517 3139 recentiorum
542 3067 731 3138 consulum
755 3080 816 3136 aut
844 3067 1072 3137 tribunorum
1096 3091 1199 3138 com·

194 3176 352 3250 modet'.
875 3162 878 3167 ¹

244 3290 327 3358 Post
341 3289 523 3360 Suasorias
538 3288 742 3386 aliquandiu
756 3289 1008 3385 frequentatas,
1021 3287 1198 3360 ascende-

193 3399 255 3472 bat
266 3399 497 3494 declamator,
518 3416 689 3500 tanquam
710 3381 758 3472 ad
784 3403 1005 3500 superiorem
1023 3398 1194 3498 gradum,

195 3513 241 3586 ad
262 3513 448 3610 judiciales
474 3517 655 3606 materias,
681 3514 727 3586 ad
744 3517 1019 3587 Controverrios.
1043 3517 1197 3584 Contro-

194 3628 315 3698 versiis
342 3629 439 3699 enim
462 3629 724 3701 adhibebantur
747 3643 921 3708 sexcentae
943 3642 979 3698 et
1007 3626 1196 3698 intricatis-

234 3807 264 3861 1.
285 3807 365 3863 Orat.
381 3807 430 3864 20.

234 3900 263 3954 Ξ.
280 3901 369 3956 Docte
383 3918 416 3957 ac
431 3897 536 3958 diserte
554 3898 591 3957 de
608 3898 654 3957 his
674 3897 870 3958 disseruerunt
879 3897 935 3957 vir.
948 3896 1057 3956 clariss.
1073 3901 1198 3956 Daunou

194 3987 292 4059 (Coun
304 3977 382 4046 ct’Et.
395 3989 475 4062 laist,
491 4001 511 4047 t.
528 3992 592 4062 vn,
610 3989 663 4065 lec.
680 4010 736 4046 xnr
753 4001 782 4048 et
793 3991 873 4065 xiv),
883 3991 982 4069 'Egger
996 3989 1112 4062 (anm.
1130 3992 1194 4047 crit.

195 4079 245 4134 des
257 4077 324 4135 hist.
340 4079 377 4134 de
390 4080 419 4134 Ia
432 4079 475 4135 aie
485 4078 605 4156 d'Aug.,
615 4077 748 4157 Append.
764 4082 804 4154 1).
