2804 4980
511 361 755 454 -ss-·

100 533 224 624 licie,
235 560 253 601 ιι
263 534 378 629 magi,
395 531 594 632 pestilentia
611 546 645 604 et
658 530 819 603 saeviores
828 533 967 628 tragicis
981 526 1109 604 nover-

108 673 175 738 ooe3
194 650 211 715 ιι
228 673 305 744 quae
316 645 476 745 profecto
492 675 510 742 ιι
529 658 625 716 extra
638 644 791 716 fidemet
804 645 955 741 poetico,
973 661 1012 717 ut
1024 671 1108 718 vere

99 755 273 853 dixerim,
290 761 448 831 themata
470 760 598 831 frustra
612 758 710 853 inter⁵
721 759 925 854 sponsiones
936 772 971 828 et
992 761 1106 848 inter-

104 874 204 946 dt'cta
227 878 425 972 quaeremus
435 875 458 942 ¹.
481 901 498 936 s
516 873 634 942 Extra
649 869 760 968 fidem
776 871 883 964 dixit,
903 894 1010 967 quem
1028 871 1107 942 lau-

104 988 275 1060 'da'vimus
292 986 363 1077 hic,
391 983 652 1072 Quintilianus,
682 984 972 1075 nec³·irnmerito;
1002 983 1110 1075 adeo-

103 1229 205 1285 ἰιιόιιιε
215 1225 354 1284 conserve
362 1222 404 1282 les
418 1223 495 1282 deux
504 1223 634 1281 discours
648 1242 723 1302 pour
736 1234 764 1281 et
776 1235 874 1281 contre
890 1205 1108 1296 ;seulement'la
1210 1284 1213 1289 ,

102 1314 212 1388 «cause,
233 1328 271 1377 att
289 1316 347 1373 lieu
369 1313 460 1372 d’etre
474 1311 586 1391 plaidee
601 1301 677 1371 dans
691 1313 792 1371 l’ecole
810 1312 852 1371 de'
865 1312 1054 1372 Ιιιιίιιιιιιιιιιιιιι
1074 1316 1109 1372 de

110 1409 142 1465 P.
151 1402 237 1465 Latro
245 1416 292 1463 est
301 1402 414 1483 plaidee
427 1401 753 1475 devantSoliman..‘...=·
769 1403 914 1461 Nonnulla
924 1402 971 1461 hic
983 1405 1110 1483 rep'e'rire

110 1484 168 1569 est,
187 1496 290 1555 collata
306 1495 388 1569 inter-y
395 1514 444 1572 se,
459 1493 566 1565 Latinae
576 1492 801 1569 xdeclamationis
819 1488 993 1571 Gallicaeque
1012 1495 1111 1553 imita-

105 1585 196 1644 tionis
210 1587 401 1664 fragmenta;
410 1592 475 1660 quae
488 1582 625 1666 quoniam
639 1584 744 1661 cuique
757 1581 854 1642 licebit
869 1585 977 1665 legere,
993 1606 1030 1643 ne
1045 1585 1110 1644 lon-

99 1683 178 1754 'gum
194 1675 344 1746 faciamus,
359 1673 579 1768 praeteribimus.
595 1676 667 1731 Tum
681 1693 821 1752 ροιιοιι
808 1675 905 1746 «Ωιι
918 1674 1054 1755 concluse
1075 1675 1110 1733 de

109 1764 428 1843 oerapprochement
419 1760 555 1841 1mprevi1
577 1776 658 1821 entre
680 1763 811 1840 Sendque
835 1776 872 1821 et
887 1750 1042 1841 Scudiryl
1054 1784 1111 1842 quc

109 1868 365 1923 cescontroverses
377 1854 421 1933 de
428 1854 455 1923 la
469 1853 659 1913 declamation
673 1853 791 1956 antique
804 1872 841 1913 ne
853 1853 974 1919 doivent
984 1873 1036 1932 pas
1042 1865 1112 1912 seu

104 1937 241 2003 lement
228 1958 288 2013 etre
300 1944 427 2002 etudiees
440 1963 552 2022 comme
569 1943 619 2002 des
641 1943 786 2002 exercices
799 1942 835 2000 de
848 1943 1026 2022 rhetorique,
1042 1945 1111 2002 ιιιιιι

106 2052 151 2110 qu
151 2032 180 2091 'il
191 2053 212 2111 y
225 2052 243 2092 ιι
254 2035 283 2092 ιι
296 2033 373 2092 aussi
385 2053 443 2092 une
457 2046 534 2091 trace
548 2045 625 2091 etun
640 2033 776 2091 souvenir
789 2033 826 2091 de
828 2034 995 2112 q-uelques
979 2052 1048 2092 -uns
1062 2034 1112 2093 des

100 2136 208 2182 euntes
228 2124 285 2201 qui
297 2125 457 2181 amusaient
479 2105 662 2198 l'antiquite·
657 2166 664 2193 ,
680 2142 737 2199 que
751 2142 799 2181 ees
817 2137 926 2196 cuntes,
942 2135 1004 2180 tout
1017 2122 1112 2181 meta-

111 2211 280 2291 morphosds
289 2231 329 2288 qu
330 2211 374 2272 ’ils
387 2222 500 2269 senten
517 2209 694 2288 plaidoyers,
708 2211 892 2269 contiennent
905 2212 1104 2314 cependnnt
1079 2233 1112 2290 pe

107 2302 177 2373 ,etls
190 2301 227 2373 de
239 2301 613 2380 curieuxrenseignements
625 2320 676 2357 sur
695 2301 737 2359 les
755 2321 863 2359 moeurs
877 2301 927 2361 des
941 2303 1068 2376 enciens,
1084 2317 1112 2361 et

110 2410 179 2469 que,
192 2411 259 2449 sous
273 2411 305 2449 ce
319 2403 438 2470 rapport
449 2400 573 2460 sut-tout,
589 2389 624 2447 ils
636 2389 869 2448 meritentd'e'tre
883 2411 1002 2449 connus.
1023 2419 1035 2443 ι
1052 2400 1113 2450 Au-

109 2479 202 2540 ditum
214 2493 312 2540 teneat
331 2479 436 2557 quide
459 2478 577 2550 fabulis,
597 2496 662 2557 quae
678 2480 863 2539 Petronianas
890 2495 918 2539 et
937 2481 1112 2560 Apuleianas

108 2569 222 2630 fabulas
238 2569 317 2649 apud
330 2575 476 2628 Romanos
489 2570 704 2642 antecesserint,
718 2569 858 2630 disserere
872 2572 942 2630 velit
957 2596 966 2644 ;
983 2593 1047 2646 nos,
1062 2579 1113 2652 qni

110 2660 434 2762 eloquentiamtantum,
446 2674 474 2718 et
487 2661 591 2718 seriam
600 2661 717 2738 quidem
726 2663 920 2740 eloquentiam
929 2666 1111 2743 respicimus,

69 2827 73 2836 ,
110 2751 208 2807 omnia
220 2750 294 2841 haec,
309 2769 369 2819 non
392 2762 528 2829 tanquam
542 2750 628 2822 mala,
645 2751 696 2810 sed
710 2765 845 2830 tanquam
856 2753 950 2811 aliena
968 2767 997 2813 et
1009 2776 1113 2813 aversa

109 2814 360 2917 reprehebdirnus.
417 2898 421 2905 ,

151 2933 180 2988 ι.
196 2928 290 2986 Unde
293 2927 442 2986 iuvenalis
451 2930 526 3001 (VII,
537 2896 595 2986 l68
607 2949 650 3006 sq
654 2933 664 3004 )
676 2929 712 2988 de
726 2929 984 2991 declamatoribus
976 2953 1005 2990 ιιι
1016 2936 1061 2993 sot
1062 2955 1112 2992 um

108 3019 322 3098 migrantibus.

217 3163 252 3214 Et
262 3181 336 3214 veras
348 3163 447 3233 agitant
460 3163 525 3228 lites,
537 3178 636 3236 raptore
646 3166 738 3219 relicto
749 3187 765 3230 3.

217 3247 281 3293 Fusa
292 3261 382 3293 venena
393 3243 477 3308 silent,
491 3245 566 3295 malus
581 3248 864 3319 ingratusquemnritut,
901 3274 904 3284 =

217 3323 249 3374 Et
260 3340 318 3392 quae
325 3325 380 3392 jam
392 3335 480 3375 veteres
492 3336 584 3376 sanant
595 3329 711 3377 mortaria
723 3346 809 3382 coecos.

108 3479 155 3552 ‘ct
179 3478 296 3550 Petron.
330 3494 449 3565 Saqrtc.
482 3491 544 3551 init.
570 3511 577 3554 :
610 3521 624 3546 «
650 3480 685 3551 Et
705 3492 772 3553 ideo
799 3513 863 3574 egov
885 3493 1113 3554 adolescentulos¹

111 3580 244 3646 existimo
254 3580 285 3640 in
299 3581 402 3642 scholis
422 3581 603 3650 stultissimos
621 3583 695 3656 lieri,
712 3582 784 3661 quia
794 3583 864 3641 nihil
879 3583 983 3658 exiis,
998 3605 1062 3663 quae
1083 3586 1112 3645 in

111 3687 167 3727 usu
180 3667 330 3742 babemus,
346 3685 396 3730 aut
409 3664 540 3745 audiunt,
552 3686 601 3732 aut
618 3673 727 3747 vident,
741 3673 791 3737 sed
805 3673 911 3754 piratas
925 3695 991 3733 cum
1007 3677 1113 3734 catenis

96 3750 110 3763 ⁴
111 3761 142 3828 in
154 3751 249 3817 tutore
256 3771 374 3836 stantes,
387 3776 415 3821 et
427 3776 563 3841 tyrannos
573 3763 665 3822 edicta
675 3719 843 3839 scribentes,
856 3764 979 3843 quibus'
971 3780 1114 3844 imperent

109 3849 189 3923 liliis,
201 3844 233 3906 u't
246 3861 359 3927 patrum
378 3872 497 3912 suorum
518 3853 612 3945 capita
625 3854 794 3945 praecidant,
809 3867 871 3914 etos
868 3854 963 3929 Qui
956 3867 1031 3917 mter
1053 3856 1114 3915 haec

111 3938 290 4011 nutriuntur,
305 3948 363 3996 ιιοιι·
384 3942 475 4022 magis
492 3944 593 4025 sapere
607 3957 747 4033 possunt,
767 3943 944 4030 quambene
959 3944 1056 4027 olere,
1065 3948 1115 4024 qui

102 4021 141 4087 ‘in
157 4027 254 4086 eulina
266 4025 437 4088 habitant.»

154 4123 183 4177 2.
200 4118 335 4196 Quintil,
349 4122 379 4177 11
382 4125 479 4193 ,x‚5.

966 4227 995 4282 3.
