2804 4980
610 364 807 437 ..24-

203 514 362 587 herativa
381 515 583 610 eloquentia
608 513 753 610 majoris
777 528 813 584 et
838 538 955 611 operae
971 530 1006 587 et
1026 515 1212 613 dignitatis

203 653 278 700 esse
295 627 549 726 praedicabant,
569 627 617 697 ob
643 626 883 699 diversitatem
907 653 1037 726 nempe
1061 653 1206 701 morum

204 744 388 838 utriusque
404 740 608 838 reipublicae
625 766 633 810 ε
654 741 800 812 Athenis
817 742 911 812 enirn
936 741 1211 816 honestissimus

202 869 278 926 erat
294 853 459 952 publicus
477 869 613 944 orator,
632 863 648 925 ὁ
667 862 778 952 ῥήτωρ,
800 863 816 925 ὀ
834 867 887 924 τοῦ
904 851 1003 951 dn'pou
1024 855 1203 951 ούμὸουλος,

201 969 279 1039 vilis
299 983 420 1040 autem
444 982 519 1038 erat
542 982 578 1038 et
602 992 648 1038 ne
676 982 798 1066 aperte
825 967 972 1065 quidem
999 968 1206 1044 confitenda

202 1082 385 1172 causidici,
401 1095 456 1150 τοῦ
469 1085 642 1178 legumini,
662 1082 858 1172 industria3
880 1085 1000 1152 Romae
1016 1107 1207 1155 causarum

199 1209 374 1292 patronus
391 1193 480 1263 nihil
498 1219 574 1265 non
591 1193 659 1264 sibi
676 1208 711 1264 et
732 1194 915 1266 honorum
939 1207 975 1264 et
998 1194 1099 1265 famae
1125 1195 1205 1266 viu-

201 1302 355 1375 dicabat.
367 1308 485 1391 Quam
499 1303 547 1374 ob
560 1328 719 1395 oausam,
734 1305 882 1376 minime
895 1319 1043 1402 propter
1053 1303 1092 1375 id
1104 1307 1204 1402 quod

198 1415 318 1488 nullus
338 1416 414 1510 jam
437 1416 606 1486 suasoriis
632 1432 708 1487 erat
729 1416 850 1505 locus,
874 1416 1042 1487 suasoriae
1064 1417 1205 1489 stabant

198 1527 235 1597 in
253 1523 430 1596 vestibulo
444 1524 726 1617 declamationis,
742 1541 778 1597 et
790 1524 1074 1621 ingredientibus
1091 1528 1204 1598 tirun-

198 1634 286 1707 culis
304 1634 587 1706 reservabantur.

247 1747 469 1836 Scholastici‚
492 1763 611 1819 vetere
635 1747 796 1845 quodam
819 1747 999 1843 insitoque
1016 1747 1203 1819 rhetorum

198 1857 380 1953 discipulis
406 1858 512 1944 vitio,
546 1857 606 1954 qui
634 1858 718 1927 artis
745 1856 938 1926 divisiones
964 1857 1090 1954 saepius
1117 1882 1205 1930 cum

197 1993 317 2039 rerum
343 1983 470 2039 natura
488 1991 704 2064 congruere,
724 1981 758 2037 et
776 1967 953 2064 quidquid
971 1968 1009 2039 in
1025 1969 1141 2066 capita
1156 1969 1203 2040 li-

196 2080 492 2152 brorumsectum
504 2081 561 2170 sit,
572 2080 687 2179 reipsa
698 2078 1011 2152 creduntaceteris
1021 2078 1126 2152 rebus
1136 2083 1202 2154 ab·

195 2194 364 2283 horrere,
384 2195 567 2266 Suasorias
592 2194 737 2266 dicendi
758 2219 887 2290 genere
906 2197 1201 2268 aControversiis

196 2305 408 2403 plerumque
425 2303 536 2373 nimio
550 2303 630 2401 plus
647 2303 919 2393 discernebant,
935 2303 1036 2401 quod
1052 2304 1204 2400 quidem

195 2414 341 2487 dicendi
368 2439 480 2509 genus
506 2438 581 2483 non
610 2414 721 2486 modo
745 2413 925 2485 diversum
956 2413 1020 2485 sed
1048 2416 1206 2488 omniuo

191 2524 351 2622 judiciali
368 2524 587 2595 contrarium
608 2549 684 2595 esse
701 2523 965 2596 arbitrabantur
984 2551 992 2594 ε
1024 2548 1109 2594 nam
1130 2553 1147 2592 u
1165 2541 1203 2597 et

194 2635 370 2734 principia
387 2633 538 2733 abrupta
556 2635 967 2732 etconcitatamsemper
980 2635 1196 2725 orationem,

195 2762 231 2818 et
250 2747 286 2817 in
303 2744 420 2817 verbis
445 2744 665 2834 effusiorem,
684 2759 723 2815 ut
744 2745 812 2841 ipsi
829 2757 977 2832 vocant,
994 2741 1130 2814 cultum
1147 2740 1212 2814 af-¹

195 2857 427 2944 sectaverunt‚
449 2869 484 2924 et
502 2879 626 2926 earum
640 2852 823 2925 breviores
837 2853 959 2952 utique
976 2866 1201 2924 commenta·

194 2963 749 3064 riOS,quamjudicialismateriae,
761 2965 876 3036 lacere
885 2963 1195 3034 elaboraverunt.»

194 3082 293 3165 Quos
312 3074 360 3146 ob
378 3075 485 3145 istum
506 3098 665 3144 errorem
691 3074 784 3144 ridet
800 3072 1060 3161 Quintilianus,
1079 3087 1114 3143 et
1130 3074 1200 3147 nisi

193 3183 318 3254 malint
330 3188 374 3263 in
390 3187 654 3255 commentariis
661 3185 840 3256 rhetorum
856 3209 1111 3270 consenescere,
1130 3186 1200 3258 nisi

194 3296 321 3369 malint
355 3298 394 3366 in
422 3294 666 3368 desuescendis
681 3301 838 3387 morari,
875 3322 984 3393 quam
1009 3296 1198 3368 veritatem

193 3409 311 3508 sequi,
327 3422 452 3479 monet
481 3432 543 3479 eos
573 3433 640 3480 nec
674 3432 815 3506 semper
843 3406 975 3478 debere
1005 3430 1081 3477 esse
1116 3436 1133 3470 «
1159 3406 1196 3477 in

193 3522 349 3595 consiliis
368 3519 520 3618 abrupta
543 3520 662 3611 initia,
689 3534 724 3590 et
747 3518 959 3590 concitatius
976 3541 1067 3615 saepe
1090 3515 1126 3585 in
1140 3514 1198 3611 ju·

193 3634 293 3707 diciis
311 3633 468 3723 dictum,
499 3647 534 3703 et
550 3631 662 3704 verba
685 3632 841 3729 aptanda
857 3629 964 3702 rebus
982 3629 1018 3699 in
1043 3643 1196 3724 utroque

192 3772 339 3846 genere,
358 3761 394 3818 et
411 3745 595 3817 breviores
619 3744 812 3841 aliquando
831 3766 1019 3815 causarum
1039 3743 1196 3838 privata-

232 3982 262 4041 l.
278 3979 328 4034 Ad
340 3981 481 4048 Herem,
495 3979 536 4050 11,
550 3978 675 4033 l.-De
690 3975 1198 4049 Orat.,ll,l7.-0rut.,ll.-De

193 4067 292 4146 Offic,
306 4070 346 4140 ΙΙ,
360 4069 415 4141 Η,
428 4078 483 4125 etc.
