<?xml version="1.0" encoding="UTF-8"?>
<!DOCTYPE html PUBLIC "-//W3C//DTD XHTML 1.0 Transitional//EN"
    "http://www.w3.org/TR/xhtml1/DTD/xhtml1-transitional.dtd">
<html xmlns="http://www.w3.org/1999/xhtml" xml:lang="en" lang="en">
 <head>
  <title>
</title>
<meta http-equiv="Content-Type" content="text/html;charset=utf-8" />
  <meta name='ocr-system' content='tesseract 3.04.00' />
  <meta name='ocr-capabilities' content='ocr_page ocr_carea ocr_par ocr_line ocrx_word'/>
</head>
<body>
  <div class='ocr_page' id='page_1' title='image "./decorruptapostc00chasgoog_0085.png"; bbox 0 0 2804 4980; ppageno 0'>
   <div class='ocr_carea' id='block_1_1' title="bbox 652 364 848 433">
    <p class='ocr_par' dir='ltr' id='par_1_1' title="bbox 652 364 848 433">
     <span class='ocr_line' id='line_1_1' title="bbox 652 364 848 433; baseline -0.005 -17"><span class='ocrx_word' id='word_1_1' title='bbox 652 364 848 433; x_wconf 57' lang='lat'>...74-</span> 
     </span>
    </p>
   </div>
   <div class='ocr_carea' id='block_1_2' title="bbox 162 507 1335 2447">
    <p class='ocr_par' dir='ltr' id='par_1_2' title="bbox 162 507 1335 2447">
     <span class='ocr_line' id='line_1_2' title="bbox 249 507 1250 607; baseline -0.001 -27"><span class='ocrx_word' id='word_1_2' title='bbox 249 507 415 607; x_wconf 76' lang='lat' dir='ltr'>plurima</span> <span class='ocrx_word' id='word_1_3' title='bbox 422 533 589 601; x_wconf 88' lang='lat' dir='ltr'>numero,</span> <span class='ocrx_word' id='word_1_4' title='bbox 603 509 678 580; x_wconf 83' lang='lat' dir='ltr'>sive</span> <span class='ocrx_word' id='word_1_5' title='bbox 689 508 797 580; x_wconf 86' lang='lat' dir='ltr'>rebus</span> <span class='ocrx_word' id='word_1_6' title='bbox 815 509 955 581; x_wconf 84' lang='lat' dir='ltr'>nubem</span> <span class='ocrx_word' id='word_1_7' title='bbox 967 507 1250 607; x_wconf 78' lang='lat' dir='ltr'>praetendebant,</span> 
     </span>
     <span class='ocr_line' id='line_1_3' title="bbox 251 615 1326 707; baseline -0.002 -18"><span class='ocrx_word' id='word_1_8' title='bbox 251 618 326 707; x_wconf 72' lang='lat' dir='ltr'>siae</span> <span class='ocrx_word' id='word_1_9' title='bbox 342 617 510 689; x_wconf 80' lang='lat' dir='ltr'>diffiasam</span> <span class='ocrx_word' id='word_1_10' title='bbox 528 617 756 689; x_wconf 82' lang='lat' dir='ltr'>ostentabant</span> <span class='ocrx_word' id='word_1_11' title='bbox 771 615 995 690; x_wconf 80' lang='lat' dir='ltr'>brevitatem.</span> <span class='ocrx_word' id='word_1_12' title='bbox 1324 618 1326 623; x_wconf 69' lang='grc'>’</span> 
     </span>
     <span class='ocr_line' id='line_1_4' title="bbox 299 727 1258 826; baseline -0.002 -27"><span class='ocrx_word' id='word_1_13' title='bbox 299 732 391 823; x_wconf 74' lang='lat' dir='ltr'>Cum</span> <span class='ocrx_word' id='word_1_14' title='bbox 406 730 599 824; x_wconf 72' lang='lat' dir='ltr'>erigaritate</span> <span class='ocrx_word' id='word_1_15' title='bbox 607 729 674 800; x_wconf 90' lang='lat' dir='ltr'>ista</span> <span class='ocrx_word' id='word_1_16' title='bbox 690 729 963 826; x_wconf 87' lang='lat' dir='ltr'>compositionis</span> <span class='ocrx_word' id='word_1_17' title='bbox 971 727 1140 798; x_wconf 76' lang='lat' dir='ltr'>conuenit</span> <span class='ocrx_word' id='word_1_18' title='bbox 1149 727 1258 824; x_wconf 59' lang='lat' dir='ltr'>exag4</span> 
     </span>
     <span class='ocr_line' id='line_1_5' title="bbox 250 826 1255 937; baseline -0.002 -26"><span class='ocrx_word' id='word_1_19' title='bbox 250 855 378 937; x_wconf 83' lang='lat' dir='ltr'>geratae</span> <span class='ocrx_word' id='word_1_20' title='bbox 388 841 573 937; x_wconf 84' lang='lat' dir='ltr'>quoddam</span> <span class='ocrx_word' id='word_1_21' title='bbox 587 841 801 937; x_wconf 73' lang='lat' dir='ltr'>eloquentiae</span> <span class='ocrx_word' id='word_1_22' title='bbox 813 826 986 927; x_wconf 80' lang='lat' dir='ltr'>studium,</span> <span class='ocrx_word' id='word_1_23' title='bbox 999 838 1255 910; x_wconf 82' lang='lat' dir='ltr'>edeclamatio·</span> 
     </span>
     <span class='ocr_line' id='line_1_6' title="bbox 249 952 1255 1051; baseline -0.001 -26"><span class='ocrx_word' id='word_1_24' title='bbox 249 952 358 1025; x_wconf 87' lang='lat' dir='ltr'>nibus</span> <span class='ocrx_word' id='word_1_25' title='bbox 374 970 509 1042; x_wconf 89' lang='lat' dir='ltr'>ortum,</span> <span class='ocrx_word' id='word_1_26' title='bbox 525 955 623 1051; x_wconf 89' lang='lat' dir='ltr'>quod</span> <span class='ocrx_word' id='word_1_27' title='bbox 636 955 782 1050; x_wconf 85' lang='lat' dir='ltr'>quidem</span> <span class='ocrx_word' id='word_1_28' title='bbox 793 956 981 1051; x_wconf 86' lang='lat' dir='ltr'>proprium</span> <span class='ocrx_word' id='word_1_29' title='bbox 996 952 1255 1024; x_wconf 83' lang='lat' dir='ltr'>declamatoriae</span> 
     </span>
     <span class='ocr_line' id='line_1_7' title="bbox 162 1059 1300 1165; baseline 0 -30"><span class='ocrx_word' id='word_1_30' title='bbox 162 1131 163 1135; x_wconf 73' lang='grc'>,</span> <span class='ocrx_word' id='word_1_31' title='bbox 251 1059 522 1165; x_wconf 88' lang='lat' dir='ltr'>consuetudinis</span> <span class='ocrx_word' id='word_1_32' title='bbox 536 1063 710 1134; x_wconf 89' lang='lat' dir='ltr'>indicium</span> <span class='ocrx_word' id='word_1_33' title='bbox 727 1078 791 1135; x_wconf 91' lang='lat' dir='ltr'>est.</span> <span class='ocrx_word' id='word_1_34' title='bbox 809 1069 899 1137; x_wconf 84' lang='lat' dir='ltr'>Nam</span> <span class='ocrx_word' id='word_1_35' title='bbox 914 1063 985 1135; x_wconf 87' lang='lat' dir='ltr'>fere</span> <span class='ocrx_word' id='word_1_36' title='bbox 999 1062 1128 1135; x_wconf 88' lang='lat' dir='ltr'>accidit</span> <span class='ocrx_word' id='word_1_37' title='bbox 1140 1061 1257 1159; x_wconf 84' lang='lat' dir='ltr'>utqui</span> <span class='ocrx_word' id='word_1_38' title='bbox 1291 1126 1300 1140; x_wconf 42' lang='lat' dir='ltr'><strong><em>s</em></strong></span> 
     </span>
     <span class='ocr_line' id='line_1_8' title="bbox 251 1168 1257 1265; baseline -0.001 -25"><span class='ocrx_word' id='word_1_39' title='bbox 251 1168 297 1243; x_wconf 90' lang='lat' dir='ltr'>de</span> <span class='ocrx_word' id='word_1_40' title='bbox 311 1170 407 1241; x_wconf 80' lang='lat' dir='ltr'>salsis</span> <span class='ocrx_word' id='word_1_41' title='bbox 421 1170 528 1241; x_wconf 89' lang='lat' dir='ltr'>rebus</span> <span class='ocrx_word' id='word_1_42' title='bbox 540 1176 670 1265; x_wconf 87' lang='lat' dir='ltr'>agunt,</span> <span class='ocrx_word' id='word_1_43' title='bbox 689 1170 937 1243; x_wconf 86' lang='lat' dir='ltr'>vehementius</span> <span class='ocrx_word' id='word_1_44' title='bbox 950 1185 985 1244; x_wconf 90' lang='lat' dir='ltr'>et</span> <span class='ocrx_word' id='word_1_45' title='bbox 999 1171 1126 1258; x_wconf 90' lang='lat' dir='ltr'>acrius,</span> <span class='ocrx_word' id='word_1_46' title='bbox 1147 1194 1257 1265; x_wconf 86' lang='lat' dir='ltr'>quam</span> 
     </span>
     <span class='ocr_line' id='line_1_9' title="bbox 251 1279 1255 1380; baseline 0.001 -30"><span class='ocrx_word' id='word_1_47' title='bbox 251 1280 376 1380; x_wconf 89' lang='lat' dir='ltr'>quide</span> <span class='ocrx_word' id='word_1_48' title='bbox 396 1283 508 1371; x_wconf 86' lang='lat' dir='ltr'>veris,</span> <span class='ocrx_word' id='word_1_49' title='bbox 531 1297 638 1378; x_wconf 79' lang='lat' dir='ltr'>agant</span> <span class='ocrx_word' id='word_1_50' title='bbox 656 1309 664 1351; x_wconf 75' lang='grc' dir='ltr'><strong><em>ε</em></strong></span> <span class='ocrx_word' id='word_1_51' title='bbox 685 1297 813 1380; x_wconf 83' lang='lat' dir='ltr'>urgent</span> <span class='ocrx_word' id='word_1_52' title='bbox 831 1283 927 1354; x_wconf 91' lang='lat' dir='ltr'>enim</span> <span class='ocrx_word' id='word_1_53' title='bbox 944 1306 982 1352; x_wconf 88' lang='lat' dir='ltr'>se</span> <span class='ocrx_word' id='word_1_54' title='bbox 999 1296 1035 1352; x_wconf 89' lang='lat' dir='ltr'>et</span> <span class='ocrx_word' id='word_1_55' title='bbox 1052 1279 1255 1371; x_wconf 90' lang='lat' dir='ltr'>stimulant,</span> 
     </span>
     <span class='ocr_line' id='line_1_10' title="bbox 250 1392 1254 1491; baseline -0.002 -27"><span class='ocrx_word' id='word_1_56' title='bbox 250 1407 292 1464; x_wconf 91' lang='lat' dir='ltr'>ut</span> <span class='ocrx_word' id='word_1_57' title='bbox 320 1393 452 1464; x_wconf 89' lang='lat' dir='ltr'>sentire</span> <span class='ocrx_word' id='word_1_58' title='bbox 477 1392 680 1482; x_wconf 86' lang='lat' dir='ltr'>videantur,</span> <span class='ocrx_word' id='word_1_59' title='bbox 708 1394 808 1491; x_wconf 88' lang='lat' dir='ltr'>quod</span> <span class='ocrx_word' id='word_1_60' title='bbox 831 1395 964 1465; x_wconf 87' lang='lat' dir='ltr'>sentire</span> <span class='ocrx_word' id='word_1_61' title='bbox 991 1417 1065 1467; x_wconf 89' lang='lat' dir='ltr'>non</span> <span class='ocrx_word' id='word_1_62' title='bbox 1089 1406 1254 1490; x_wconf 82' lang='lat' dir='ltr'>possunt.</span> 
     </span>
     <span class='ocr_line' id='line_1_11' title="bbox 251 1498 1258 1599; baseline -0.001 -28"><span class='ocrx_word' id='word_1_63' title='bbox 251 1499 347 1589; x_wconf 81' lang='lat' dir='ltr'>Quid</span> <span class='ocrx_word' id='word_1_64' title='bbox 358 1502 399 1589; x_wconf 89' lang='lat' dir='ltr'>si,</span> <span class='ocrx_word' id='word_1_65' title='bbox 421 1528 500 1598; x_wconf 90' lang='lat' dir='ltr'>quae</span> <span class='ocrx_word' id='word_1_66' title='bbox 510 1502 703 1599; x_wconf 84' lang='lat' dir='ltr'>propositae</span> <span class='ocrx_word' id='word_1_67' title='bbox 718 1515 802 1572; x_wconf 92' lang='lat' dir='ltr'>sunt</span> <span class='ocrx_word' id='word_1_68' title='bbox 818 1501 1111 1588; x_wconf 74' lang='lat' dir='ltr'>declamationes,</span> <span class='ocrx_word' id='word_1_69' title='bbox 1122 1498 1258 1571; x_wconf 88' lang='lat' dir='ltr'>habent</span> 
     </span>
     <span class='ocr_line' id='line_1_12' title="bbox 250 1609 1254 1713; baseline 0.002 -32"><span class='ocrx_word' id='word_1_70' title='bbox 250 1611 336 1713; x_wconf 86' lang='lat' dir='ltr'>ipsae</span> <span class='ocrx_word' id='word_1_71' title='bbox 351 1612 487 1707; x_wconf 90' lang='lat' dir='ltr'>aliquid</span> <span class='ocrx_word' id='word_1_72' title='bbox 503 1610 661 1682; x_wconf 89' lang='lat' dir='ltr'>insolens</span> <span class='ocrx_word' id='word_1_73' title='bbox 680 1637 721 1683; x_wconf 89' lang='lat' dir='ltr'>ac</span> <span class='ocrx_word' id='word_1_74' title='bbox 736 1611 957 1695; x_wconf 82' lang='lat' dir='ltr'>violentum?</span> <span class='ocrx_word' id='word_1_75' title='bbox 975 1616 1063 1698; x_wconf 86' lang='lat' dir='ltr'>Quae</span> <span class='ocrx_word' id='word_1_76' title='bbox 1077 1609 1254 1708; x_wconf 77' lang='lat' dir='ltr'>ampullae,</span> 
     </span>
     <span class='ocr_line' id='line_1_13' title="bbox 251 1720 1258 1822; baseline 0.005 -32"><span class='ocrx_word' id='word_1_77' title='bbox 251 1743 331 1822; x_wconf 89' lang='lat' dir='ltr'>quae</span> <span class='ocrx_word' id='word_1_78' title='bbox 344 1724 552 1792; x_wconf 86' lang='lat' dir='ltr'>sonantium</span> <span class='ocrx_word' id='word_1_79' title='bbox 565 1721 759 1793; x_wconf 89' lang='lat' dir='ltr'>verborum</span> <span class='ocrx_word' id='word_1_80' title='bbox 770 1722 888 1814; x_wconf 89' lang='lat' dir='ltr'>turba,</span> <span class='ocrx_word' id='word_1_81' title='bbox 909 1747 988 1818; x_wconf 86' lang='lat' dir='ltr'>quae</span> <span class='ocrx_word' id='word_1_82' title='bbox 999 1720 1258 1818; x_wconf 83' lang='lat' dir='ltr'>exquisitorum</span> 
     </span>
     <span class='ocr_line' id='line_1_14' title="bbox 251 1829 1335 1914; baseline -0.001 -14"><span class='ocrx_word' id='word_1_83' title='bbox 251 1829 1258 1902; x_wconf 83' lang='lat' dir='ltr'>etcontranaturamconcitaturumallectuumostentatio</span> <span class='ocrx_word' id='word_1_84' title='bbox 1331 1906 1335 1914; x_wconf 44' lang='grc'><strong>,</strong></span> 
     </span>
     <span class='ocr_line' id='line_1_15' title="bbox 250 1939 1258 2062; baseline -0.002 -52"><span class='ocrx_word' id='word_1_85' title='bbox 250 1939 471 2062; x_wconf 87' lang='lat' dir='ltr'>respondere</span> <span class='ocrx_word' id='word_1_86' title='bbox 488 1941 643 2011; x_wconf 87' lang='lat' dir='ltr'>materiae</span> <span class='ocrx_word' id='word_1_87' title='bbox 658 1940 897 2013; x_wconf 84' lang='lat' dir='ltr'>videbuntur?</span> <span class='ocrx_word' id='word_1_88' title='bbox 910 1939 1073 2010; x_wconf 88' lang='lat' dir='ltr'>Nolimus</span> <span class='ocrx_word' id='word_1_89' title='bbox 1090 1964 1175 2035; x_wconf 84' lang='lat' dir='ltr'>ergo</span> <span class='ocrx_word' id='word_1_90' title='bbox 1191 1939 1258 2010; x_wconf 86' lang='lat' dir='ltr'>mi·</span> 
     </span>
     <span class='ocr_line' id='line_1_16' title="bbox 250 2042 1257 2146; baseline 0 -28"><span class='ocrx_word' id='word_1_91' title='bbox 250 2046 1072 2146; x_wconf 86' lang='lat' dir='ltr'>rari,s1velquodverissimumest,etquod1n</span> <span class='ocrx_word' id='word_1_92' title='bbox 1086 2042 1257 2119; x_wconf 90' lang='lat' dir='ltr'>altissimo</span> 
     </span>
     <span class='ocr_line' id='line_1_17' title="bbox 251 2105 1258 2256; baseline -0.001 -30"><span class='ocrx_word' id='word_1_93' title='bbox 251 2155 363 2226; x_wconf 89' lang='lat' dir='ltr'>animi</span> <span class='ocrx_word' id='word_1_94' title='bbox 379 2180 518 2238; x_wconf 89' lang='lat' dir='ltr'>recessu</span> <span class='ocrx_word' id='word_1_95' title='bbox 537 2157 696 2226; x_wconf 89' lang='lat' dir='ltr'>sentiunt</span> <span class='ocrx_word' id='word_1_96' title='bbox 712 2156 770 2226; x_wconf 90' lang='lat' dir='ltr'>isti</span> <span class='ocrx_word' id='word_1_97' title='bbox 792 2105 1075 2256; x_wconf 82' lang='lat' dir='ltr'>declamatorum</span> <span class='ocrx_word' id='word_1_98' title='bbox 1102 2155 1258 2249; x_wconf 77' lang='lat' dir='ltr'>alumni,</span> 
     </span>
     <span class='ocr_line' id='line_1_18' title="bbox 239 2262 1258 2363; baseline 0.001 -28"><span class='ocrx_word' id='word_1_99' title='bbox 239 2262 329 2335; x_wconf 78' lang='lat' dir='ltr'>salsi</span> <span class='ocrx_word' id='word_1_100' title='bbox 353 2264 450 2362; x_wconf 91' lang='lat' dir='ltr'>apud</span> <span class='ocrx_word' id='word_1_101' title='bbox 470 2289 533 2335; x_wconf 87' lang='lat' dir='ltr'>eos</span> <span class='ocrx_word' id='word_1_102' title='bbox 552 2289 693 2362; x_wconf 85' lang='lat' dir='ltr'>semper</span> <span class='ocrx_word' id='word_1_103' title='bbox 699 2266 864 2363; x_wconf 88' lang='lat' dir='ltr'>aliquid</span> <span class='ocrx_word' id='word_1_104' title='bbox 871 2265 1125 2362; x_wconf 82' lang='lat' dir='ltr'>mendaciaque</span> <span class='ocrx_word' id='word_1_105' title='bbox 1151 2263 1258 2336; x_wconf 86' lang='lat' dir='ltr'>redo-</span> 
     </span>
     <span class='ocr_line' id='line_1_19' title="bbox 251 2371 1259 2447; baseline 0.002 -3"><span class='ocrx_word' id='word_1_106' title='bbox 251 2371 326 2446; x_wconf 89' lang='lat' dir='ltr'>let¹.</span> <span class='ocrx_word' id='word_1_107' title='bbox 346 2379 453 2444; x_wconf 85' lang='lat' dir='ltr'>Exeo</span> <span class='ocrx_word' id='word_1_108' title='bbox 466 2399 566 2444; x_wconf 89' lang='lat' dir='ltr'>more</span> <span class='ocrx_word' id='word_1_109' title='bbox 581 2377 704 2446; x_wconf 91' lang='lat' dir='ltr'>omnia</span> <span class='ocrx_word' id='word_1_110' title='bbox 723 2391 821 2447; x_wconf 85' lang='lat' dir='ltr'>extra</span> <span class='ocrx_word' id='word_1_111' title='bbox 838 2391 1005 2447; x_wconf 90' lang='lat' dir='ltr'>naturam</span> <span class='ocrx_word' id='word_1_112' title='bbox 1021 2390 1055 2445; x_wconf 91' lang='lat' dir='ltr'>et</span> <span class='ocrx_word' id='word_1_113' title='bbox 1071 2374 1259 2446; x_wconf 85' lang='lat' dir='ltr'>veritatem</span> 
     </span>
    </p>
   </div>
   <div class='ocr_carea' id='block_1_3' title="bbox 67 2481 1259 2585">
    <p class='ocr_par' dir='ltr' id='par_1_3' title="bbox 67 2481 1259 2585">
     <span class='ocr_line' id='line_1_20' title="bbox 67 2481 1259 2585; baseline 0.002 -30"><span class='ocrx_word' id='word_1_114' title='bbox 67 2509 72 2520; x_wconf 88' lang='lat'><strong>·</strong></span> <span class='ocrx_word' id='word_1_115' title='bbox 159 2506 161 2510; x_wconf 78' lang='grc'>’</span> <span class='ocrx_word' id='word_1_116' title='bbox 251 2481 508 2579; x_wconf 85' lang='lat' dir='ltr'>amphficand1‚</span> <span class='ocrx_word' id='word_1_117' title='bbox 519 2486 649 2554; x_wconf 83' lang='lat' dir='ltr'>exsutrt</span> <span class='ocrx_word' id='word_1_118' title='bbox 665 2485 724 2559; x_wconf 91' lang='lat' dir='ltr'>ille</span> <span class='ocrx_word' id='word_1_119' title='bbox 739 2485 942 2558; x_wconf 77' lang='lat' dir='ltr'>oratoribus</span> <span class='ocrx_word' id='word_1_120' title='bbox 953 2483 1259 2585; x_wconf 76' lang='lat' dir='ltr'>scriptorlbusque</span> 
     </span>
    </p>
   </div>
   <div class='ocr_carea' id='block_1_4' title="bbox 175 2592 1260 3688">
    <p class='ocr_par' dir='ltr' id='par_1_4' title="bbox 175 2592 1260 3462">
     <span class='ocr_line' id='line_1_21' title="bbox 253 2592 1260 2693; baseline 0.002 -31"><span class='ocrx_word' id='word_1_121' title='bbox 253 2592 329 2691; x_wconf 89' lang='lat' dir='ltr'>ejus</span> <span class='ocrx_word' id='word_1_122' title='bbox 352 2593 461 2663; x_wconf 89' lang='lat' dir='ltr'>aetatis</span> <span class='ocrx_word' id='word_1_123' title='bbox 480 2595 683 2664; x_wconf 90' lang='lat' dir='ltr'>communis</span> <span class='ocrx_word' id='word_1_124' title='bbox 703 2593 812 2665; x_wconf 81' lang='lat' dir='ltr'>veluti</span> <span class='ocrx_word' id='word_1_125' title='bbox 829 2610 948 2667; x_wconf 87' lang='lat' dir='ltr'>tumor</span> <span class='ocrx_word' id='word_1_126' title='bbox 963 2621 1005 2666; x_wconf 84' lang='lat' dir='ltr'>ac</span> <span class='ocrx_word' id='word_1_127' title='bbox 1022 2617 1260 2693; x_wconf 78' lang='lat' dir='ltr'>supervacuus</span> 
     </span>
     <span class='ocr_line' id='line_1_22' title="bbox 250 2702 1259 2802; baseline 0.001 -31"><span class='ocrx_word' id='word_1_128' title='bbox 250 2705 432 2799; x_wconf 79' lang='lat' dir='ltr'>strepitus,</span> <span class='ocrx_word' id='word_1_129' title='bbox 451 2728 561 2801; x_wconf 88' lang='lat' dir='ltr'>quem</span> <span class='ocrx_word' id='word_1_130' title='bbox 571 2703 646 2798; x_wconf 90' lang='lat' dir='ltr'>jam</span> <span class='ocrx_word' id='word_1_131' title='bbox 658 2703 756 2802; x_wconf 92' lang='lat' dir='ltr'>apud</span> <span class='ocrx_word' id='word_1_132' title='bbox 770 2729 854 2774; x_wconf 92' lang='lat' dir='ltr'>suos</span> <span class='ocrx_word' id='word_1_133' title='bbox 869 2702 1129 2776; x_wconf 87' lang='lat' dir='ltr'>declamatores</span> <span class='ocrx_word' id='word_1_134' title='bbox 1141 2702 1259 2774; x_wconf 88' lang='lat' dir='ltr'>crimi-</span> 
     </span>
     <span class='ocr_line' id='line_1_23' title="bbox 251 2811 1258 2909; baseline 0.002 -27"><span class='ocrx_word' id='word_1_135' title='bbox 251 2827 359 2883; x_wconf 87' lang='lat' dir='ltr'>natur</span> <span class='ocrx_word' id='word_1_136' title='bbox 373 2814 420 2883; x_wconf 87' lang='grc' dir='ltr'>Μ.</span> <span class='ocrx_word' id='word_1_137' title='bbox 442 2815 593 2902; x_wconf 88' lang='lat' dir='ltr'>Seneca,</span> <span class='ocrx_word' id='word_1_138' title='bbox 609 2828 734 2909; x_wconf 86' lang='lat' dir='ltr'>postea</span> <span class='ocrx_word' id='word_1_139' title='bbox 752 2812 989 2900; x_wconf 84' lang='lat' dir='ltr'>Quintilianus</span> <span class='ocrx_word' id='word_1_140' title='bbox 997 2816 1020 2883; x_wconf 92' lang='lat'>¹.</span> <span class='ocrx_word' id='word_1_141' title='bbox 1043 2811 1112 2884; x_wconf 90' lang='lat' dir='ltr'>Sed</span> <span class='ocrx_word' id='word_1_142' title='bbox 1131 2836 1258 2884; x_wconf 89' lang='lat' dir='ltr'>omnes</span> 
     </span>
     <span class='ocr_line' id='line_1_24' title="bbox 252 2920 1258 3021; baseline 0.003 -29"><span class='ocrx_word' id='word_1_143' title='bbox 252 2920 447 2993; x_wconf 84' lang='lat' dir='ltr'>iiselortes</span> <span class='ocrx_word' id='word_1_144' title='bbox 457 2922 507 2993; x_wconf 87' lang='lat' dir='ltr'>sic</span> <span class='ocrx_word' id='word_1_145' title='bbox 524 2948 599 2995; x_wconf 87' lang='lat' dir='ltr'>esse</span> <span class='ocrx_word' id='word_1_146' title='bbox 613 2939 648 2995; x_wconf 90' lang='lat' dir='ltr'>et</span> <span class='ocrx_word' id='word_1_147' title='bbox 658 2923 798 2995; x_wconf 90' lang='lat' dir='ltr'>validos</span> <span class='ocrx_word' id='word_1_148' title='bbox 814 2923 1104 2997; x_wconf 84' lang='lat' dir='ltr'>arbitrabantur:</span> <span class='ocrx_word' id='word_1_149' title='bbox 1122 2925 1197 3021; x_wconf 88' lang='lat' dir='ltr'>qui,</span> <span class='ocrx_word' id='word_1_150' title='bbox 1217 2937 1258 2995; x_wconf 87' lang='lat' dir='ltr'>ut</span> 
     </span>
     <span class='ocr_line' id='line_1_25' title="bbox 175 3032 1253 3134; baseline 0.004 -33"><span class='ocrx_word' id='word_1_151' title='bbox 175 3072 177 3077; x_wconf 65' lang='lat'>,</span> <span class='ocrx_word' id='word_1_152' title='bbox 252 3033 389 3127; x_wconf 78' lang='lat' dir='ltr'>optime</span> <span class='ocrx_word' id='word_1_153' title='bbox 409 3032 545 3104; x_wconf 92' lang='lat' dir='ltr'>dictum</span> <span class='ocrx_word' id='word_1_154' title='bbox 568 3034 718 3130; x_wconf 84' lang='lat' dir='ltr'>legimus</span> <span class='ocrx_word' id='word_1_155' title='bbox 736 3036 773 3104; x_wconf 90' lang='lat' dir='ltr'>in</span> <span class='ocrx_word' id='word_1_156' title='bbox 794 3035 945 3134; x_wconf 74' lang='lat' dir='ltr'>Drulogo</span> <span class='ocrx_word' id='word_1_157' title='bbox 970 3034 1015 3107; x_wconf 77' lang='lat' dir='ltr'>de</span> <span class='ocrx_word' id='word_1_158' title='bbox 1038 3033 1253 3122; x_wconf 79' lang='lat' dir='ltr'>oratoribus,</span> 
     </span>
     <span class='ocr_line' id='line_1_26' title="bbox 241 3144 1258 3244; baseline 0.004 -32"><span class='ocrx_word' id='word_1_159' title='bbox 241 3144 551 3242; x_wconf 76' lang='lat' dir='ltr'>uonpugnabant,</span> <span class='ocrx_word' id='word_1_160' title='bbox 568 3145 633 3216; x_wconf 87' lang='lat' dir='ltr'>sed</span> <span class='ocrx_word' id='word_1_161' title='bbox 648 3144 874 3238; x_wconf 78' lang='lat' dir='ltr'>rixabuntur,</span> <span class='ocrx_word' id='word_1_162' title='bbox 897 3149 985 3243; x_wconf 65' lang='lat' dir='ltr'>spark</span> <span class='ocrx_word' id='word_1_163' title='bbox 997 3149 1119 3234; x_wconf 71' lang='lat' dir='ltr'>etcum,</span> <span class='ocrx_word' id='word_1_164' title='bbox 1135 3144 1258 3244; x_wconf 79' lang='lat' dir='ltr'>quibus</span> 
     </span>
     <span class='ocr_line' id='line_1_27' title="bbox 253 3253 1260 3355; baseline 0.004 -32"><span class='ocrx_word' id='word_1_165' title='bbox 253 3253 441 3324; x_wconf 79' lang='lat' dir='ltr'>utebantur</span> <span class='ocrx_word' id='word_1_166' title='bbox 470 3257 603 3346; x_wconf 84' lang='lat' dir='ltr'>armis,</span> <span class='ocrx_word' id='word_1_167' title='bbox 628 3259 870 3355; x_wconf 77' lang='lat' dir='ltr'>incompositi,</span> <span class='ocrx_word' id='word_1_168' title='bbox 891 3273 927 3333; x_wconf 79' lang='lat' dir='ltr'>et</span> <span class='ocrx_word' id='word_1_169' title='bbox 955 3257 1071 3329; x_wconf 65' lang='lat' dir='ltr'>stuata</span> <span class='ocrx_word' id='word_1_170' title='bbox 1101 3255 1260 3355; x_wconf 67' lang='lat' dir='ltr'>ferrendi</span> 
     </span>
     <span class='ocr_line' id='line_1_28' title="bbox 245 3362 633 3462; baseline 0.008 -29"><span class='ocrx_word' id='word_1_171' title='bbox 245 3362 459 3462; x_wconf 76' lang='lat' dir='ltr'>plerumque</span> <span class='ocrx_word' id='word_1_172' title='bbox 474 3362 604 3461; x_wconf 73' lang='lat' dir='ltr'>dejecti</span> <span class='ocrx_word' id='word_1_173' title='bbox 611 3367 633 3435; x_wconf 74' lang='lat'>⁸.</span> 
     </span>
    </p>

    <p class='ocr_par' dir='ltr' id='par_1_5' title="bbox 252 3465 1257 3688">
     <span class='ocr_line' id='line_1_29' title="bbox 301 3475 1256 3577; baseline 0.005 -32"><span class='ocrx_word' id='word_1_174' title='bbox 301 3477 404 3546; x_wconf 86' lang='lat' dir='ltr'>Haud</span> <span class='ocrx_word' id='word_1_175' title='bbox 426 3475 578 3548; x_wconf 90' lang='lat' dir='ltr'>absimili</span> <span class='ocrx_word' id='word_1_176' title='bbox 597 3479 872 3577; x_wconf 89' lang='lat' dir='ltr'>intemperantia</span> <span class='ocrx_word' id='word_1_177' title='bbox 894 3480 1007 3551; x_wconf 85' lang='lat' dir='ltr'>evecti</span> <span class='ocrx_word' id='word_1_178' title='bbox 1027 3476 1120 3553; x_wconf 90' lang='lat' dir='ltr'>ultra</span> <span class='ocrx_word' id='word_1_179' title='bbox 1137 3478 1256 3550; x_wconf 89' lang='lat' dir='ltr'>termi-</span> 
     </span>
     <span class='ocr_line' id='line_1_30' title="bbox 252 3587 1257 3688; baseline 0.005 -32"><span class='ocrx_word' id='word_1_180' title='bbox 252 3609 354 3676; x_wconf 90' lang='lat' dir='ltr'>num,</span> <span class='ocrx_word' id='word_1_181' title='bbox 378 3612 490 3682; x_wconf 92' lang='lat' dir='ltr'>quum</span> <span class='ocrx_word' id='word_1_182' title='bbox 509 3587 639 3660; x_wconf 87' lang='lat' dir='ltr'>scirent</span> <span class='ocrx_word' id='word_1_183' title='bbox 652 3615 726 3660; x_wconf 91' lang='lat' dir='ltr'>non</span> <span class='ocrx_word' id='word_1_184' title='bbox 745 3589 832 3660; x_wconf 90' lang='lat' dir='ltr'>nibil</span> <span class='ocrx_word' id='word_1_185' title='bbox 856 3615 932 3665; x_wconf 86' lang='lat' dir='ltr'>esse</span> <span class='ocrx_word' id='word_1_186' title='bbox 948 3589 1083 3665; x_wconf 84' lang='lat' dir='ltr'>oratori</span> <span class='ocrx_word' id='word_1_187' title='bbox 1096 3604 1257 3688; x_wconf 81' lang='lat' dir='ltr'>etpoetae</span> 
     </span>
    </p>
   </div>
   <div class='ocr_carea' id='block_1_5' title="bbox 252 3758 1251 4123">
    <p class='ocr_par' dir='ltr' id='par_1_6' title="bbox 294 3758 1222 3860">
     <span class='ocr_line' id='line_1_31' title="bbox 294 3758 1222 3860; baseline 0.002 -24"><span class='ocrx_word' id='word_1_188' title='bbox 294 3782 324 3836; x_wconf 86' lang='lat' dir='ltr'>l.</span> <span class='ocrx_word' id='word_1_189' title='bbox 339 3777 384 3837; x_wconf 85' lang='lat' dir='ltr'>Cf.</span> <span class='ocrx_word' id='word_1_190' title='bbox 399 3778 514 3848; x_wconf 64' lang='lat' dir='ltr'>Nisam,</span> <span class='ocrx_word' id='word_1_191' title='bbox 527 3781 628 3837; x_wconf 72' lang='grc' dir='ltr'><em>Ροὲιεε</em></span> <span class='ocrx_word' id='word_1_192' title='bbox 643 3783 695 3837; x_wconf 78' lang='lat' dir='ltr'>lut.</span> <span class='ocrx_word' id='word_1_193' title='bbox 713 3758 1008 3860; x_wconf 63' lang='lat' dir='ltr'>doadicad.,.1,p.</span> <span class='ocrx_word' id='word_1_194' title='bbox 1025 3784 1101 3845; x_wconf 56' lang='lat' dir='ltr'>ll&amp;</span> <span class='ocrx_word' id='word_1_195' title='bbox 1219 3842 1222 3849; x_wconf 63' lang='grc'><em>,</em></span> 
     </span>
    </p>

    <p class='ocr_par' dir='ltr' id='par_1_7' title="bbox 252 3866 1251 4033">
     <span class='ocr_line' id='line_1_32' title="bbox 293 3866 1251 4015; baseline 0.002 -86"><span class='ocrx_word' id='word_1_196' title='bbox 293 3871 324 3929; x_wconf 72' lang='lat'><em>2</em></span> <span class='ocrx_word' id='word_1_197' title='bbox 340 3872 480 3942; x_wconf 60' lang='lat' dir='ltr'>Qum„</span> <span class='ocrx_word' id='word_1_198' title='bbox 501 3866 555 3928; x_wconf 89' lang='lat' dir='ltr'>lib.</span> <span class='ocrx_word' id='word_1_199' title='bbox 554 3869 657 4015; x_wconf 79' lang='lat' dir='ltr'>6.vulg</span> <span class='ocrx_word' id='word_1_200' title='bbox 681 3874 735 3944; x_wconf 91' lang='lat'>111,</span> <span class='ocrx_word' id='word_1_201' title='bbox 759 3869 903 3950; x_wconf 51' lang='lat' dir='ltr'>prafu-</span> <span class='ocrx_word' id='word_1_202' title='bbox 915 3870 981 3933; x_wconf 76' lang='lat' dir='ltr'>Lib</span> <span class='ocrx_word' id='word_1_203' title='bbox 1011 3871 1093 3994; x_wconf 75' lang='lat' dir='ltr'>vulg.</span> <span class='ocrx_word' id='word_1_204' title='bbox 1115 3873 1139 3933; x_wconf 81' lang='lat' dir='ltr'>V</span> <span class='ocrx_word' id='word_1_205' title='bbox 1141 3867 1251 3948; x_wconf 65' lang='lat' dir='ltr'>profi</span> 
     </span>
     <span class='ocr_line' id='line_1_33' title="bbox 252 3913 585 4033; baseline 0.021 -22"><span class='ocrx_word' id='word_1_206' title='bbox 252 3958 440 4032; x_wconf 43' lang='lat' dir='ltr'>Quintil,</span> <span class='ocrx_word' id='word_1_207' title='bbox 451 3913 492 4032; x_wconf 70' lang='lat'>11’,</span> <span class='ocrx_word' id='word_1_208' title='bbox 507 3960 585 4033; x_wconf 85' lang='lat' dir='ltr'>x,6</span> 
     </span>
    </p>

    <p class='ocr_par' dir='ltr' id='par_1_8' title="bbox 294 4028 638 4123">
     <span class='ocr_line' id='line_1_34' title="bbox 294 4028 638 4123; baseline -0.012 -10"><span class='ocrx_word' id='word_1_209' title='bbox 294 4049 420 4113; x_wconf 60' lang='lat' dir='ltr'>tutat.</span> <span class='ocrx_word' id='word_1_210' title='bbox 436 4050 577 4123; x_wconf 62' lang='lat' dir='ltr'>deoru,</span> <span class='ocrx_word' id='word_1_211' title='bbox 588 4028 638 4109; x_wconf 74' lang='grc'><strong>26</strong></span> 
     </span>
    </p>
   </div>
   <div class='ocr_carea' id='block_1_6' title="bbox 0 0 1410 4980">
    <p class='ocr_par' dir='ltr' id='par_1_9' title="bbox 0 0 1410 4980">
     <span class='ocr_line' id='line_1_35' title="bbox 0 0 1410 4980; baseline 0 0"><span class='ocrx_word' id='word_1_212' title='bbox 0 0 1410 4980; x_wconf 95' lang='lat' dir='ltr'> </span> 
     </span>
    </p>
   </div>
  </div>
 </body>
</html>
