2804 4980
598 373 792 445 ...w-.-

192 525 421 623 ponebantur
437 524 615 614 suasoriae,
630 538 670 594 ut
686 526 828 593 Priami
845 523 946 594 verba
959 525 1060 622 apud
1074 527 1193 598 Achil

195 634 303 724 lem¹;·
319 633 463 730 quidvis
477 632 583 703 fiebat
599 632 822 705 declamatio.
838 635 1068 707 Sustinebant
1083 639 1192 711 etiam

192 759 353 815 recentes
378 758 421 814 et
449 758 620 837 tanquam
649 743 833 813 hesternas
862 768 918 814 res
945 744 982 813 in
1016 749 1193 820 suasoria&

193 877 441 950 componere:
462 851 680 924 deliberabat
700 854 825 922 Cicero
847 877 892 922 an
914 858 1110 925 Antonium
1130 855 1193 925 de·

187 981 412 1059 precaretur,
432 988 485 1032 an,
495 963 714 1059 Philippicas
725 989 809 1033 sum
820 962 1063 1036 combureret&
1079 967 1188 1056 Quid,

193 1076 277 1147 vino
299 1077 477 1172 Augusto?
503 1090 540 1145 at
562 1076 649 1145 citra
673 1075 874 1173 periculum·
895 1091 971 1146 erat
992 1102 1000 1146 ε
1020 1077 1192 1148 invidiam

194 1208 341 1257 omnem
365 1186 548 1257 auferebat
571 1187 757 1276 Antonius,
786 1211 900 1282 quium
922 1189 1079 1257 suasoria
1097 1189 1194 1260 dieo-

194 1309 304 1385 retur,
325 1320 399 1366 non
418 1296 577 1368 historia.

243 1409 392 1477 Necesse
402 1394 1195 1479 enimeratutsead'suamaetatemaccommo-

194 1514 322 1587 darent
338 1515 608 1586 declamatores.
633 1520 774 1612 ltaque,
794 1543 911 1614 quum
925 1517 1085 1588 dandtrm
1102 1531 1194 1588 esset

194 1625 231 1694 in
258 1627 419 1695 Suasoria
446 1623 580 1721 aliquid
604 1626 742 1695 consilii
762 1628 837 1722 regi
859 1626 1025 1715 cuilibet,
1058 1626 1194 1722 optime

194 1733 497 1805 animadvertebat
532 1734 672 1824 rhetor,
709 1736 1015 1832 quemadmodum
1052 1734 1194 1807 deceret

194 1847 267 1940 regi
293 1846 455 1932 suadere,
484 1869 631 1914 necnon
655 1846 733 1940 quis
750 1846 926 1915 tenendus
950 1859 1041 1915 esset
1062 1845 1193 1916 modus

195 1955 301 2024 etiam
328 1954 365 2022 in
389 1951 585 2040 laudando,
608 1977 655 2022 ne
680 1953 770 2023 forte
794 1953 871 2023 laus
893 1953 1193 2050 vituperationem

195 2063 416 2136 dissimulare
433 2063 642 2134 videretur⁸.
663 2063 828 2150 Dolebat,
850 2065 878 2135 si
895 2066 974 2162 quis
991 2065 1108 2162 aliqua
1124 2063 1192 2134 lin·

195 2202 270 2272 guae
287 2191 348 2246 aut
370 2171 609 2273 imprudentia
633 2191 692 2246 aut
708 2177 981 2274 intemperantia
1000 2176 1189 2248 laboraret.

194 2287 297 2374 Nam,
318 2287 425 2358 etiam
442 2301 524 2357 alite
539 2286 717 2357 Tiberium
734 2287 1001 2386 Caligulamque
1024 2304 1059 2359 et
1081 2293 1192 2359 Nero·

193 2418 291 2482 nem,
325 2421 400 2467 non
427 2411 544 2465 tutum
568 2411 641 2465 erat
668 2397 854 2492 displicere
872 2398 1055 2494 principib
1074 2398 1195 2470 Potuit

193 2504 355 2600 impune,
373 2505 435 2575 sed
451 2505 725 2602 obstupentibus
740 2507 898 2595 cunctis,
917 2507 953 2575 in
965 2508 1130 2607 Suasoria
1145 2507 1194 2579 de

194 2615 379 2704 Cicerone,
399 2616 518 2686 dicere
534 2616 681 2712 quidam
697 2641 770 2685 noa
786 2641 895 2686 unum
913 2617 971 2687 illi
990 2643 1063 2687 esse
1078 2623 1194 2689 Auto-

193 2731 294 2799 m'um
315 2732 510 2826 infestum&
537 2730 655 2799 Potuit
677 2729 765 2799 item.
789 2729 992 2818 declamari,
1019 2745 1193 2828 tanquam

192 2839 261 2912 hoc
276 2842 461 2939 proposita
475 2842 551 2938 lege
567 2869 575 2911 :
597 2839 842 2936 Tyrannicida
851 2845 1040 2938 proemium
1057 2842 1190 2913 detur⁶.

193 2952 454 3025 Contemnebat
464 2953 815 3049 Augustusloquaces
825 2956 911 3024 istos
920 2955 1188 3049 tyrannicidas⁷z

193 3087 260 3159 pro
276 3077 374 3134 certo
384 3062 539 3135 habebat
550 3063 625 3134 lroec
638 3087 713 3133 esse
726 3061 836 3133 verbo
848 3077 966 3153 tenus,
977 3079 1012 3134 et
1021 3064 1191 3135 Graeculae

234 3378 264 3437 l.
283 3374 405 3448 Quintil.
420 3378 474 3447 Ill,
493 3378 522 3433 8.

234 3469 263 3522 2.
280 3469 319 3522 Μ.
337 3469 438 3524 Senec.
454 3469 582 3540 Suasor„
599 3468 628 3538 6,
646 3468 674 3527 7.

234 3555 324 3614 3.1d.
343 3555 412 3611 ibid.
431 3558 459 3612 l.

234 3648 264 3701 l.
284 3670 298 3696 u
309 3643 444 3701 Nondum
456 3643 621 3704 hominibus
634 3645 725 3704 verba
737 3664 788 3702 sua
800 3642 962 3722 periculosa
969 3643 1121 3720 erantjam
1133 3663 1195 3703 mo·

193 3733 275 3792 lesta.
295 3758 308 3784 r
325 3736 374 3807 (L.
388 3738 490 3793 Senec.
502 3739 547 3793 De
558 3733 676 3813 Renes„
693 3739 746 3810 ΙΙΙ,
758 3737 829 3807 27.)

235 3829 264 3883 li.
280 3828 392 3883 Suusor.
408 3827 436 3882 6.

236 3917 265 3976 6,
281 3919 353 3972 Ere.
373 3916 496 3973 Contror.
510 3919 560 3988 IV,
578 3919 606 3974 7.

236 4008 265 4064 7.
282 4008 387 4062 Juven.
411 4008 481 4074 VII,
497 4008 575 4062 llll:

303 4095 399 4166 Quum
413 4093 528 4171 perimit
542 4114 633 4154 saevos
646 4095 744 4155 classis
756 4115 909 4156 numerosa
923 4108 1072 4176 mannos.
