<?xml version="1.0" encoding="UTF-8"?>
<!DOCTYPE html PUBLIC "-//W3C//DTD XHTML 1.0 Transitional//EN"
    "http://www.w3.org/TR/xhtml1/DTD/xhtml1-transitional.dtd">
<html xmlns="http://www.w3.org/1999/xhtml" xml:lang="en" lang="en">
 <head>
  <title>
</title>
<meta http-equiv="Content-Type" content="text/html;charset=utf-8" />
  <meta name='ocr-system' content='tesseract 3.04.00' />
  <meta name='ocr-capabilities' content='ocr_page ocr_carea ocr_par ocr_line ocrx_word'/>
</head>
<body>
  <div class='ocr_page' id='page_1' title='image "./decorruptapostc00chasgoog_0049.png"; bbox 0 0 2804 4980; ppageno 0'>
   <div class='ocr_carea' id='block_1_1' title="bbox 195 832 1203 995">
    <p class='ocr_par' dir='ltr' id='par_1_1' title="bbox 195 832 1203 995">
     <span class='ocr_line' id='line_1_1' title="bbox 195 832 1203 934; baseline -0.005 -29"><span class='ocrx_word' id='word_1_1' title='bbox 195 834 288 927; x_wconf 75' lang='lat'><em>3111&#39;.</em></span> <span class='ocrx_word' id='word_1_2' title='bbox 313 836 356 901; x_wconf 77' lang='lat' dir='ltr'>De</span> <span class='ocrx_word' id='word_1_3' title='bbox 373 845 482 900; x_wconf 83' lang='lat' dir='ltr'>ratione</span> <span class='ocrx_word' id='word_1_4' title='bbox 499 846 680 901; x_wconf 82' lang='lat' dir='ltr'>declamandi</span> <span class='ocrx_word' id='word_1_5' title='bbox 691 846 771 934; x_wconf 74' lang='lat' dir='ltr'>apud</span> <span class='ocrx_word' id='word_1_6' title='bbox 782 832 919 915; x_wconf 67' lang='lat' dir='ltr'>rhetores,</span> <span class='ocrx_word' id='word_1_7' title='bbox 935 846 1011 900; x_wconf 80' lang='lat' dir='ltr'>etde</span> <span class='ocrx_word' id='word_1_8' title='bbox 1027 842 1203 920; x_wconf 81' lang='lat' dir='ltr'>quibusdam·</span> 
     </span>
     <span class='ocr_line' id='line_1_2' title="bbox 611 932 776 995; baseline 0.03 -6"><span class='ocrx_word' id='word_1_9' title='bbox 611 932 776 995; x_wconf 67' lang='lat' dir='ltr'>taetantes.</span> 
     </span>
    </p>
   </div>
   <div class='ocr_carea' id='block_1_2' title="bbox 193 1196 1217 3511">
    <p class='ocr_par' dir='ltr' id='par_1_2' title="bbox 193 1196 1217 3511">
     <span class='ocr_line' id='line_1_3' title="bbox 244 1196 1194 1295; baseline 0.003 -26"><span class='ocrx_word' id='word_1_10' title='bbox 244 1197 350 1295; x_wconf 76' lang='lat' dir='ltr'>Apud</span> <span class='ocrx_word' id='word_1_11' title='bbox 374 1197 576 1295; x_wconf 85' lang='lat' dir='ltr'>quemlibet·</span> <span class='ocrx_word' id='word_1_12' title='bbox 597 1196 779 1270; x_wconf 80' lang='lat' dir='ltr'><strong>rhetorem</strong></span> <span class='ocrx_word' id='word_1_13' title='bbox 808 1197 1099 1272; x_wconf 84' lang='lat' dir='ltr'>declamabantur</span> <span class='ocrx_word' id='word_1_14' title='bbox 1120 1201 1194 1272; x_wconf 84' lang='lat' dir='ltr'>istae</span> 
     </span>
     <span class='ocr_line' id='line_1_4' title="bbox 195 1306 1194 1409; baseline 0.004 -28"><span class='ocrx_word' id='word_1_15' title='bbox 195 1311 367 1397; x_wconf 78' lang='lat' dir='ltr'>suasoriae</span> <span class='ocrx_word' id='word_1_16' title='bbox 391 1326 427 1383; x_wconf 80' lang='lat' dir='ltr'>at</span> <span class='ocrx_word' id='word_1_17' title='bbox 458 1313 732 1383; x_wconf 62' lang='lat' dir='ltr'>Controversia·</span> <span class='ocrx_word' id='word_1_18' title='bbox 765 1306 881 1384; x_wconf 84' lang='lat' dir='ltr'>Dabat</span> <span class='ocrx_word' id='word_1_19' title='bbox 908 1311 1089 1409; x_wconf 75' lang='lat' dir='ltr'>discipulis</span> <span class='ocrx_word' id='word_1_20' title='bbox 1123 1315 1194 1386; x_wconf 87' lang='lat' dir='ltr'>suis</span> 
     </span>
     <span class='ocr_line' id='line_1_5' title="bbox 194 1421 1194 1518; baseline 0.003 -26"><span class='ocrx_word' id='word_1_21' title='bbox 194 1421 318 1494; x_wconf 82' lang='lat' dir='ltr'>rhetor</span> <span class='ocrx_word' id='word_1_22' title='bbox 334 1423 512 1512; x_wconf 87' lang='lat' dir='ltr'>materias,</span> <span class='ocrx_word' id='word_1_23' title='bbox 528 1421 703 1493; x_wconf 90' lang='lat' dir='ltr'>tironibus</span> <span class='ocrx_word' id='word_1_24' title='bbox 717 1423 976 1513; x_wconf 77' lang='lat' dir='ltr'>suasoriarum,</span> <span class='ocrx_word' id='word_1_25' title='bbox 988 1424 1062 1518; x_wconf 89' lang='lat' dir='ltr'>jam</span> <span class='ocrx_word' id='word_1_26' title='bbox 1076 1438 1194 1495; x_wconf 88' lang='lat' dir='ltr'>matu·</span> 
     </span>
     <span class='ocr_line' id='line_1_6' title="bbox 194 1531 1196 1629; baseline 0.003 -27"><span class='ocrx_word' id='word_1_27' title='bbox 194 1533 242 1602; x_wconf 92' lang='lat' dir='ltr'>ris</span> <span class='ocrx_word' id='word_1_28' title='bbox 260 1533 592 1603; x_wconf 89' lang='lat' dir='ltr'>Controversiarum</span> <span class='ocrx_word' id='word_1_29' title='bbox 610 1558 617 1601; x_wconf 92' lang='lat'><strong>:</strong></span> <span class='ocrx_word' id='word_1_30' title='bbox 638 1531 700 1620; x_wconf 90' lang='lat' dir='ltr'>iis,</span> <span class='ocrx_word' id='word_1_31' title='bbox 720 1545 912 1629; x_wconf 78' lang='lat' dir='ltr'><strong>postquam</strong></span> <span class='ocrx_word' id='word_1_32' title='bbox 929 1531 1196 1605; x_wconf 85' lang='lat' dir='ltr'>elucubrassent</span> 
     </span>
     <span class='ocr_line' id='line_1_7' title="bbox 193 1640 1194 1734; baseline 0.003 -22"><span class='ocrx_word' id='word_1_33' title='bbox 193 1640 470 1715; x_wconf 81' lang='lat' dir='ltr'>declamationes</span> <span class='ocrx_word' id='word_1_34' title='bbox 504 1667 608 1734; x_wconf 85' lang='lat' dir='ltr'>suas,</span> <span class='ocrx_word' id='word_1_35' title='bbox 634 1642 789 1713; x_wconf 73' lang='lat' dir='ltr'>vicissim</span> <span class='ocrx_word' id='word_1_36' title='bbox 818 1642 1036 1714; x_wconf 85' lang='lat' dir='ltr'>audientiam</span> <span class='ocrx_word' id='word_1_37' title='bbox 1060 1642 1194 1715; x_wconf 87' lang='lat' dir='ltr'>tribue-</span> 
     </span>
     <span class='ocr_line' id='line_1_8' title="bbox 193 1751 1215 1850; baseline 0 -25"><span class='ocrx_word' id='word_1_38' title='bbox 193 1751 271 1846; x_wconf 90' lang='lat' dir='ltr'>bat,</span> <span class='ocrx_word' id='word_1_39' title='bbox 304 1769 402 1832; x_wconf 87' lang='lat' dir='ltr'>certo</span> <span class='ocrx_word' id='word_1_40' title='bbox 428 1753 486 1824; x_wconf 90' lang='lat' dir='ltr'>die</span> <span class='ocrx_word' id='word_1_41' title='bbox 516 1752 691 1824; x_wconf 83' lang='lat' dir='ltr'>definito:</span> <span class='ocrx_word' id='word_1_42' title='bbox 715 1752 832 1845; x_wconf 89' lang='lat' dir='ltr'>unde,</span> <span class='ocrx_word' id='word_1_43' title='bbox 861 1755 927 1850; x_wconf 87' lang='lat' dir='ltr'>qui·</span> <span class='ocrx_word' id='word_1_44' title='bbox 949 1753 1191 1845; x_wconf 84' lang='lat' dir='ltr'>declamabat,</span> <span class='ocrx_word' id='word_1_45' title='bbox 1212 1812 1215 1816; x_wconf 91' lang='lat'>.</span> 
     </span>
     <span class='ocr_line' id='line_1_9' title="bbox 193 1862 1217 1937; baseline 0.003 -4"><span class='ocrx_word' id='word_1_46' title='bbox 193 1865 231 1934; x_wconf 93' lang='lat' dir='ltr'>in</span> <span class='ocrx_word' id='word_1_47' title='bbox 249 1862 371 1937; x_wconf 85' lang='lat' dir='ltr'>schola</span> <span class='ocrx_word' id='word_1_48' title='bbox 399 1864 492 1936; x_wconf 74' lang='lat' dir='ltr'>daem</span> <span class='ocrx_word' id='word_1_49' title='bbox 509 1863 655 1934; x_wconf 84' lang='lat' dir='ltr'>ducere¹</span> <span class='ocrx_word' id='word_1_50' title='bbox 672 1862 868 1934; x_wconf 70' lang='lat' dir='ltr'>dicebatur.</span> <span class='ocrx_word' id='word_1_51' title='bbox 888 1869 988 1936; x_wconf 90' lang='lat' dir='ltr'>Hanc</span> <span class='ocrx_word' id='word_1_52' title='bbox 1010 1881 1195 1936; x_wconf 81' lang='lat' dir='ltr'>consuetu·</span> <span class='ocrx_word' id='word_1_53' title='bbox 1213 1892 1217 1919; x_wconf 73' lang='lat'><em>³</em></span> 
     </span>
     <span class='ocr_line' id='line_1_10' title="bbox 196 1973 1195 2076; baseline 0.004 -31"><span class='ocrx_word' id='word_1_54' title='bbox 196 1974 351 2046; x_wconf 79' lang='lat' dir='ltr'>tudinem</span> <span class='ocrx_word' id='word_1_55' title='bbox 365 1975 531 2046; x_wconf 81' lang='lat' dir='ltr'>classium</span> <span class='ocrx_word' id='word_1_56' title='bbox 544 1976 647 2046; x_wconf 72' lang='lat' dir='ltr'>certis</span> <span class='ocrx_word' id='word_1_57' title='bbox 669 1973 790 2044; x_wconf 69' lang='lat' dir='ltr'>diebus·</span> <span class='ocrx_word' id='word_1_58' title='bbox 807 1974 1066 2047; x_wconf 78' lang='lat' dir='ltr'>audiendarum</span> <span class='ocrx_word' id='word_1_59' title='bbox 1080 1978 1195 2076; x_wconf 83' lang='lat' dir='ltr'>carpit</span> 
     </span>
     <span class='ocr_line' id='line_1_11' title="bbox 194 2083 1197 2183; baseline 0.005 -28"><span class='ocrx_word' id='word_1_60' title='bbox 194 2084 433 2172; x_wconf 86' lang='lat' dir='ltr'>Quintilianus</span> <span class='ocrx_word' id='word_1_61' title='bbox 447 2089 475 2173; x_wconf 72' lang='lat'>³,</span> <span class='ocrx_word' id='word_1_62' title='bbox 496 2086 579 2183; x_wconf 92' lang='lat' dir='ltr'>quia</span> <span class='ocrx_word' id='word_1_63' title='bbox 608 2083 786 2175; x_wconf 80' lang='lat' dir='ltr'>rhetores,</span> <span class='ocrx_word' id='word_1_64' title='bbox 820 2101 972 2182; x_wconf 84' lang='lat' dir='ltr'>quaestus</span> <span class='ocrx_word' id='word_1_65' title='bbox 1000 2113 1124 2177; x_wconf 88' lang='lat' dir='ltr'>causa,</span> <span class='ocrx_word' id='word_1_66' title='bbox 1159 2103 1197 2160; x_wconf 88' lang='lat' dir='ltr'>et</span> 
     </span>
     <span class='ocr_line' id='line_1_12' title="bbox 193 2193 1195 2296; baseline 0 -28"><span class='ocrx_word' id='word_1_67' title='bbox 193 2196 401 2294; x_wconf 87' lang='lat' dir='ltr'>parentibus</span> <span class='ocrx_word' id='word_1_68' title='bbox 432 2211 472 2267; x_wconf 90' lang='lat' dir='ltr'>nt</span> <span class='ocrx_word' id='word_1_69' title='bbox 504 2195 625 2268; x_wconf 83' lang='lat' dir='ltr'>lucum</span> <span class='ocrx_word' id='word_1_70' title='bbox 652 2193 829 2289; x_wconf 83' lang='lat' dir='ltr'>tacerent,</span> <span class='ocrx_word' id='word_1_71' title='bbox 850 2220 960 2294; x_wconf 80' lang='lat' dir='ltr'>quam</span> <span class='ocrx_word' id='word_1_72' title='bbox 984 2197 1195 2296; x_wconf 85' lang='lat' dir='ltr'>frequentis·</span> 
     </span>
     <span class='ocr_line' id='line_1_13' title="bbox 194 2305 1214 2395; baseline 0.001 -17"><span class='ocrx_word' id='word_1_73' title='bbox 194 2309 301 2379; x_wconf 89' lang='lat' dir='ltr'>simas</span> <span class='ocrx_word' id='word_1_74' title='bbox 340 2307 474 2380; x_wconf 88' lang='lat' dir='ltr'>dabant</span> <span class='ocrx_word' id='word_1_75' title='bbox 515 2305 816 2378; x_wconf 79' lang='lat' dir='ltr'>declamationum</span> <span class='ocrx_word' id='word_1_76' title='bbox 851 2307 1039 2395; x_wconf 87' lang='lat' dir='ltr'>materias,</span> <span class='ocrx_word' id='word_1_77' title='bbox 1086 2332 1214 2379; x_wconf 66' lang='lat' dir='ltr'>unam:</span> 
     </span>
     <span class='ocr_line' id='line_1_14' title="bbox 194 2416 1197 2514; baseline 0.002 -26"><span class='ocrx_word' id='word_1_78' title='bbox 194 2441 325 2514; x_wconf 89' lang='lat' dir='ltr'>nempe</span> <span class='ocrx_word' id='word_1_79' title='bbox 341 2434 444 2487; x_wconf 78' lang='lat' dir='ltr'>sexta</span> <span class='ocrx_word' id='word_1_80' title='bbox 460 2442 598 2514; x_wconf 83' lang='lat' dir='ltr'>quaque</span> <span class='ocrx_word' id='word_1_81' title='bbox 616 2416 674 2487; x_wconf 86' lang='lat' dir='ltr'>die</span> <span class='ocrx_word' id='word_1_82' title='bbox 689 2419 716 2506; x_wconf 79' lang='lat'>³3</span> <span class='ocrx_word' id='word_1_83' title='bbox 741 2416 840 2488; x_wconf 86' lang='lat' dir='ltr'>haud</span> <span class='ocrx_word' id='word_1_84' title='bbox 865 2417 995 2512; x_wconf 87' lang='lat' dir='ltr'>injuria</span> <span class='ocrx_word' id='word_1_85' title='bbox 1017 2417 1115 2498; x_wconf 84' lang='lat' dir='ltr'>malit</span> <span class='ocrx_word' id='word_1_86' title='bbox 1131 2423 1197 2490; x_wconf 85' lang='lat' dir='ltr'>Fa·</span> 
     </span>
     <span class='ocr_line' id='line_1_15' title="bbox 194 2526 1199 2624; baseline 0.002 -27"><span class='ocrx_word' id='word_1_87' title='bbox 194 2526 275 2597; x_wconf 91' lang='lat' dir='ltr'>bius</span> <span class='ocrx_word' id='word_1_88' title='bbox 291 2527 410 2597; x_wconf 91' lang='lat' dir='ltr'>minus</span> <span class='ocrx_word' id='word_1_89' title='bbox 426 2541 633 2624; x_wconf 84' lang='lat' dir='ltr'>properatas</span> <span class='ocrx_word' id='word_1_90' title='bbox 658 2551 735 2604; x_wconf 88' lang='lat' dir='ltr'>esse</span> <span class='ocrx_word' id='word_1_91' title='bbox 765 2526 985 2621; x_wconf 80' lang='lat' dir='ltr'>auditiones,</span> <span class='ocrx_word' id='word_1_92' title='bbox 1011 2544 1047 2599; x_wconf 89' lang='lat' dir='ltr'>at</span> <span class='ocrx_word' id='word_1_93' title='bbox 1072 2544 1199 2600; x_wconf 88' lang='lat' dir='ltr'>contra</span> 
     </span>
     <span class='ocr_line' id='line_1_16' title="bbox 195 2635 1214 2735; baseline 0.005 -30"><span class='ocrx_word' id='word_1_94' title='bbox 195 2635 354 2735; x_wconf 91' lang='lat' dir='ltr'>plurium</span> <span class='ocrx_word' id='word_1_95' title='bbox 366 2660 546 2734; x_wconf 85' lang='lat' dir='ltr'>quamque</span> <span class='ocrx_word' id='word_1_96' title='bbox 562 2635 721 2727; x_wconf 88' lang='lat' dir='ltr'>dierum,</span> <span class='ocrx_word' id='word_1_97' title='bbox 740 2637 789 2708; x_wconf 89' lang='lat' dir='ltr'>ita</span> <span class='ocrx_word' id='word_1_98' title='bbox 809 2653 848 2708; x_wconf 89' lang='lat' dir='ltr'>ut</span> <span class='ocrx_word' id='word_1_99' title='bbox 877 2638 916 2708; x_wconf 86' lang='lat' dir='ltr'>in</span> <span class='ocrx_word' id='word_1_100' title='bbox 943 2663 983 2709; x_wconf 86' lang='lat' dir='ltr'>ea</span> <span class='ocrx_word' id='word_1_101' title='bbox 1001 2638 1134 2709; x_wconf 86' lang='lat' dir='ltr'>diutius</span> <span class='ocrx_word' id='word_1_102' title='bbox 1161 2654 1214 2710; x_wconf 61' lang='lat' dir='ltr'>et*</span> 
     </span>
     <span class='ocr_line' id='line_1_17' title="bbox 196 2746 1196 2847; baseline 0.001 -28"><span class='ocrx_word' id='word_1_103' title='bbox 196 2747 400 2844; x_wconf 84' lang='lat' dir='ltr'>diligentius</span> <span class='ocrx_word' id='word_1_104' title='bbox 415 2763 698 2819; x_wconf 89' lang='lat' dir='ltr'>commoraretur</span> <span class='ocrx_word' id='word_1_105' title='bbox 711 2771 795 2828; x_wconf 86' lang='lat' dir='ltr'>cum</span> <span class='ocrx_word' id='word_1_106' title='bbox 811 2746 994 2847; x_wconf 86' lang='lat' dir='ltr'>discipulis</span> <span class='ocrx_word' id='word_1_107' title='bbox 1016 2748 1196 2844; x_wconf 85' lang='lat' dir='ltr'>magister.</span> 
     </span>
     <span class='ocr_line' id='line_1_18' title="bbox 197 2857 1198 2957; baseline 0 -28"><span class='ocrx_word' id='word_1_108' title='bbox 197 2859 361 2957; x_wconf 88' lang='lat' dir='ltr'>Plerique</span> <span class='ocrx_word' id='word_1_109' title='bbox 401 2857 650 2930; x_wconf 80' lang='lat' dir='ltr'>declamabant</span> <span class='ocrx_word' id='word_1_110' title='bbox 684 2857 867 2930; x_wconf 88' lang='lat' dir='ltr'>advocatis</span> <span class='ocrx_word' id='word_1_111' title='bbox 900 2858 1105 2948; x_wconf 84' lang='lat' dir='ltr'>codicibus,</span> <span class='ocrx_word' id='word_1_112' title='bbox 1135 2859 1198 2955; x_wconf 88' lang='lat' dir='ltr'>qui</span> 
     </span>
     <span class='ocr_line' id='line_1_19' title="bbox 197 2967 1197 3059; baseline 0.004 -19"><span class='ocrx_word' id='word_1_113' title='bbox 197 2971 411 3042; x_wconf 89' lang='lat' dir='ltr'>memoriam</span> <span class='ocrx_word' id='word_1_114' title='bbox 442 2969 654 3042; x_wconf 86' lang='lat' dir='ltr'>titubantem</span> <span class='ocrx_word' id='word_1_115' title='bbox 692 2967 897 3059; x_wconf 82' lang='lat' dir='ltr'>firmareat3</span> <span class='ocrx_word' id='word_1_116' title='bbox 936 2984 1038 3041; x_wconf 89' lang='lat' dir='ltr'>erant</span> <span class='ocrx_word' id='word_1_117' title='bbox 1075 2984 1197 3045; x_wconf 87' lang='lat' dir='ltr'>tamen</span> 
     </span>
     <span class='ocr_line' id='line_1_20' title="bbox 197 3079 1197 3178; baseline -0.001 -26"><span class='ocrx_word' id='word_1_118' title='bbox 197 3104 352 3178; x_wconf 91' lang='lat' dir='ltr'>quorum</span> <span class='ocrx_word' id='word_1_119' title='bbox 377 3105 501 3153; x_wconf 88' lang='lat' dir='ltr'>secura</span> <span class='ocrx_word' id='word_1_120' title='bbox 522 3080 695 3151; x_wconf 88' lang='lat' dir='ltr'>memoria</span> <span class='ocrx_word' id='word_1_121' title='bbox 720 3098 951 3177; x_wconf 77' lang='lat' dir='ltr'>supervacuos</span> <span class='ocrx_word' id='word_1_122' title='bbox 964 3079 1110 3176; x_wconf 83' lang='lat' dir='ltr'>fecerat</span> <span class='ocrx_word' id='word_1_123' title='bbox 1139 3106 1197 3151; x_wconf 79' lang='lat' dir='ltr'>eo·</span> 
     </span>
     <span class='ocr_line' id='line_1_21' title="bbox 197 3190 1200 3289; baseline 0.001 -27"><span class='ocrx_word' id='word_1_124' title='bbox 197 3190 291 3263; x_wconf 81' lang='lat' dir='ltr'>dices</span> <span class='ocrx_word' id='word_1_125' title='bbox 304 3195 328 3262; x_wconf 74' lang='lat'>⁴.</span> <span class='ocrx_word' id='word_1_126' title='bbox 347 3190 576 3264; x_wconf 87' lang='lat' dir='ltr'>Declamabat</span> <span class='ocrx_word' id='word_1_127' title='bbox 602 3205 637 3263; x_wconf 90' lang='lat' dir='ltr'>et</span> <span class='ocrx_word' id='word_1_128' title='bbox 662 3191 740 3261; x_wconf 89' lang='lat' dir='ltr'>vice</span> <span class='ocrx_word' id='word_1_129' title='bbox 773 3215 836 3261; x_wconf 90' lang='lat' dir='ltr'>sua</span> <span class='ocrx_word' id='word_1_130' title='bbox 852 3190 987 3280; x_wconf 89' lang='lat' dir='ltr'>rhetor,</span> <span class='ocrx_word' id='word_1_131' title='bbox 1012 3192 1074 3289; x_wconf 89' lang='lat' dir='ltr'>qui</span> <span class='ocrx_word' id='word_1_132' title='bbox 1095 3192 1200 3264; x_wconf 88' lang='lat' dir='ltr'>disci·</span> 
     </span>
     <span class='ocr_line' id='line_1_22' title="bbox 197 3301 1198 3402; baseline 0 -28"><span class='ocrx_word' id='word_1_133' title='bbox 197 3303 290 3402; x_wconf 88' lang='lat' dir='ltr'>pulis</span> <span class='ocrx_word' id='word_1_134' title='bbox 306 3302 414 3373; x_wconf 86' lang='lat' dir='ltr'>veluti</span> <span class='ocrx_word' id='word_1_135' title='bbox 429 3301 609 3401; x_wconf 87' lang='lat' dir='ltr'>exemplar</span> <span class='ocrx_word' id='word_1_136' title='bbox 625 3326 667 3373; x_wconf 91' lang='lat' dir='ltr'>ac</span> <span class='ocrx_word' id='word_1_137' title='bbox 685 3301 866 3399; x_wconf 86' lang='lat' dir='ltr'>specimen</span> <span class='ocrx_word' id='word_1_138' title='bbox 881 3301 1066 3399; x_wconf 88' lang='lat' dir='ltr'>quoddam</span> <span class='ocrx_word' id='word_1_139' title='bbox 1081 3302 1198 3375; x_wconf 90' lang='lat' dir='ltr'>decla·</span> 
     </span>
     <span class='ocr_line' id='line_1_23' title="bbox 197 3404 1198 3511; baseline 0.003 -27"><span class='ocrx_word' id='word_1_140' title='bbox 197 3415 363 3485; x_wconf 80' lang='lat' dir='ltr'>metionis</span> <span class='ocrx_word' id='word_1_141' title='bbox 387 3404 580 3485; x_wconf 87' lang='lat' dir='ltr'>exhiberet.</span> <span class='ocrx_word' id='word_1_142' title='bbox 613 3413 668 3482; x_wconf 91' lang='lat' dir='ltr'>Sic</span> <span class='ocrx_word' id='word_1_143' title='bbox 696 3411 943 3484; x_wconf 85' lang='lat' dir='ltr'>formabantur</span> <span class='ocrx_word' id='word_1_144' title='bbox 972 3411 1136 3511; x_wconf 89' lang='lat' dir='ltr'>discipuli</span> <span class='ocrx_word' id='word_1_145' title='bbox 1161 3430 1198 3486; x_wconf 92' lang='lat' dir='ltr'>et</span> 
     </span>
    </p>
   </div>
   <div class='ocr_carea' id='block_1_3' title="bbox 194 3636 1198 4164">
    <p class='ocr_par' dir='ltr' id='par_1_3' title="bbox 194 3636 1198 3901">
     <span class='ocr_line' id='line_1_24' title="bbox 238 3636 1198 3720; baseline 0 -19"><span class='ocrx_word' id='word_1_146' title='bbox 238 3648 265 3702; x_wconf 82' lang='lat' dir='ltr'>t.</span> <span class='ocrx_word' id='word_1_147' title='bbox 289 3645 360 3700; x_wconf 91' lang='lat' dir='ltr'>Sunt</span> <span class='ocrx_word' id='word_1_148' title='bbox 368 3640 419 3718; x_wconf 90' lang='lat' dir='ltr'>qui</span> <span class='ocrx_word' id='word_1_149' title='bbox 429 3641 526 3720; x_wconf 78' lang='lat' dir='ltr'>legant</span> <span class='ocrx_word' id='word_1_150' title='bbox 540 3643 613 3697; x_wconf 84' lang='lat' dir='ltr'>diem</span> <span class='ocrx_word' id='word_1_151' title='bbox 624 3642 718 3696; x_wconf 81' lang='lat' dir='ltr'>dicere</span> <span class='ocrx_word' id='word_1_152' title='bbox 724 3643 878 3715; x_wconf 79' lang='lat' dir='ltr'>(Contr.,1‚</span> <span class='ocrx_word' id='word_1_153' title='bbox 885 3638 964 3716; x_wconf 79' lang='lat' dir='ltr'>pres</span> <span class='ocrx_word' id='word_1_154' title='bbox 962 3639 1103 3718; x_wconf 77' lang='lat' dir='ltr'>.),eodent</span> <span class='ocrx_word' id='word_1_155' title='bbox 1110 3636 1198 3701; x_wconf 79' lang='lat' dir='ltr'>sensu</span> 
     </span>
     <span class='ocr_line' id='line_1_25' title="bbox 195 3727 1198 3810; baseline -0.002 -22"><span class='ocrx_word' id='word_1_156' title='bbox 195 3751 255 3810; x_wconf 89' lang='lat' dir='ltr'>quo</span> <span class='ocrx_word' id='word_1_157' title='bbox 265 3735 282 3789; x_wconf 89' lang='lat' dir='ltr'>J</span> <span class='ocrx_word' id='word_1_158' title='bbox 285 3730 413 3788; x_wconf 86' lang='lat' dir='ltr'>uvenalis</span> <span class='ocrx_word' id='word_1_159' title='bbox 426 3729 461 3788; x_wconf 89' lang='lat' dir='ltr'>de</span> <span class='ocrx_word' id='word_1_160' title='bbox 475 3727 689 3787; x_wconf 87' lang='lat' dir='ltr'>recitationibus</span> <span class='ocrx_word' id='word_1_161' title='bbox 703 3731 734 3790; x_wconf 89' lang='lat' dir='ltr'>C.</span> <span class='ocrx_word' id='word_1_162' title='bbox 761 3727 842 3788; x_wconf 86' lang='lat' dir='ltr'>Statii</span> <span class='ocrx_word' id='word_1_163' title='bbox 855 3733 931 3806; x_wconf 85' lang='lat' dir='ltr'>(VII,</span> <span class='ocrx_word' id='word_1_164' title='bbox 948 3730 1002 3805; x_wconf 80' lang='lat'>83)</span> <span class='ocrx_word' id='word_1_165' title='bbox 1019 3752 1025 3786; x_wconf 91' lang='lat'><strong>:</strong></span> <span class='ocrx_word' id='word_1_166' title='bbox 1046 3731 1198 3787; x_wconf 67' lang='lat' dir='ltr'>Prannse&#39;t-</span> 
     </span>
     <span class='ocr_line' id='line_1_26' title="bbox 194 3823 350 3901; baseline 0.006 -25"><span class='ocrx_word' id='word_1_167' title='bbox 194 3841 251 3901; x_wconf 81' lang='lat' dir='ltr'>que</span> <span class='ocrx_word' id='word_1_168' title='bbox 264 3823 350 3877; x_wconf 84' lang='lat' dir='ltr'>diem.</span> 
     </span>
    </p>

    <p class='ocr_par' dir='ltr' id='par_1_4' title="bbox 237 3909 612 3981">
     <span class='ocr_line' id='line_1_27' title="bbox 237 3909 612 3981; baseline -0.003 -14"><span class='ocrx_word' id='word_1_169' title='bbox 237 3913 266 3967; x_wconf 70' lang='grc' dir='ltr'>Ξ.</span> <span class='ocrx_word' id='word_1_170' title='bbox 282 3912 321 3981; x_wconf 86' lang='grc' dir='ltr'>Χ,</span> <span class='ocrx_word' id='word_1_171' title='bbox 337 3929 368 3981; x_wconf 77' lang='lat' dir='ltr'>r,</span> <span class='ocrx_word' id='word_1_172' title='bbox 381 3909 543 3980; x_wconf 74' lang='lat' dir='ltr'>at-xl,</span> <span class='ocrx_word' id='word_1_173' title='bbox 559 3928 612 3966; x_wconf 85' lang='lat' dir='ltr'>vn.</span> 
     </span>
    </p>

    <p class='ocr_par' dir='ltr' id='par_1_5' title="bbox 238 4000 564 4072">
     <span class='ocr_line' id='line_1_28' title="bbox 238 4000 564 4072; baseline -0.006 -15"><span class='ocrx_word' id='word_1_174' title='bbox 238 4001 266 4057; x_wconf 90' lang='grc'>3.</span> <span class='ocrx_word' id='word_1_175' title='bbox 282 4000 564 4072; x_wconf 78' lang='lat' dir='ltr'>tuven.‚v11,tot.</span> 
     </span>
    </p>

    <p class='ocr_par' dir='ltr' id='par_1_6' title="bbox 236 4085 735 4164">
     <span class='ocr_line' id='line_1_29' title="bbox 236 4085 735 4164; baseline -0.008 -16"><span class='ocrx_word' id='word_1_176' title='bbox 236 4093 265 4148; x_wconf 80' lang='grc'>4.</span> <span class='ocrx_word' id='word_1_177' title='bbox 282 4091 321 4146; x_wconf 89' lang='grc' dir='ltr'>Μ.</span> <span class='ocrx_word' id='word_1_178' title='bbox 336 4091 437 4150; x_wconf 86' lang='lat' dir='ltr'>Senec.</span> <span class='ocrx_word' id='word_1_179' title='bbox 454 4091 594 4160; x_wconf 67' lang='lat' dir='ltr'>controv„</span> <span class='ocrx_word' id='word_1_180' title='bbox 609 4085 735 4164; x_wconf 75' lang='lat' dir='ltr'>1,pres.</span> 
     </span>
    </p>
   </div>
   <div class='ocr_carea' id='block_1_4' title="bbox 0 0 1416 4980">
    <p class='ocr_par' dir='ltr' id='par_1_7' title="bbox 0 0 1416 4980">
     <span class='ocr_line' id='line_1_30' title="bbox 0 0 1416 4980; baseline 0 0"><span class='ocrx_word' id='word_1_181' title='bbox 0 0 1416 4980; x_wconf 95' lang='lat' dir='ltr'> </span> 
     </span>
    </p>
   </div>
  </div>
 </body>
</html>
