2804 4980
615 417 786 492 ...6-

198 581 307 658 tores,
328 581 363 638 et
376 567 489 664 gloria
506 582 541 640 et
558 567 659 640 lucro
674 567 832 657 adducti,
849 569 1000 640 Romam
1013 569 1193 645 affluxere.
1266 587 1270 591 '

198 683 331 752 Notum
363 697 415 754 est
443 697 577 779 quanta
607 682 712 754 suerit
739 682 835 781 apud
855 683 1003 780 juvenes
1030 687 1197 784 patricios

198 817 322 867 earum
338 791 605 894 disciplinarum
623 799 745 892 gratia,
762 797 836 894 qui,
854 812 893 867 ut
907 799 954 869 ait
967 801 1198 870 Terentianus

196 930 321 997 senex,
353 909 430 1007 pari
461 909 579 980 studio
603 909 772 981 fovebant
789 935 920 1010 equos,
947 936 1052 982 canes
1075 911 1127 982 ad
1145 936 1198 981 ve-

198 1022 368 1113 nandum,
386 1022 709 1120 autplu'losoplros¹.
726 1023 795 1095 Sed
809 1047 851 1095 ea
864 1039 939 1094 erat
952 1025 1197 1096 Graeculorum

197 1134 362 1208 facundia
379 1161 479 1234 quae,
498 1137 527 1206 si
543 1136 786 1209 adolescentes
802 1136 968 1207 novitatis
988 1137 1197 1235 voluptatis-

159 1315 161 1319 .
197 1271 268 1345 que
284 1248 465 1320 lenocinio
478 1249 646 1340 alliceret,
668 1247 867 1319 senioribus
884 1248 1086 1346 severisque
1099 1264 1198 1320 vete-

196 1386 277 1432 rum
295 1386 438 1433 morum
452 1361 658 1432 custodibus
673 1375 762 1432 esset
779 1377 953 1458 suspecta.
971 1366 1059 1432 Nam
1076 1362 1198 1432 omnia

196 1473 272 1544 haee
288 1499 466 1545 summam
485 1474 595 1545 verba
607 1487 641 1544 et
653 1499 759 1544 voces
775 1473 980 1570 proferendi
997 1473 1197 1544 facultatem

197 1587 449 1678 ostentabant,
477 1611 585 1684 quarn
613 1587 718 1658 flocci
739 1586 914 1657 faciebant
938 1585 1025 1658 tale‘s
1049 1588 1133 1676 viri,
1160 1575 1197 1658 at

196 1699 286 1770 nihil
311 1700 357 1772 ad
381 1725 500 1771 mores
521 1701 747 1798 pertinebant
767 1729 774 1771 :
795 1701 899 1798 quin,
918 1702 967 1771 ita
985 1726 1128 1770 morum
1146 1725 1199 1771 se-

197 1817 273 1885 curi
297 1814 511 1885 videbantur
535 1816 590 1884 isti
616 1814 782 1911 sophistae
803 1814 859 1883 vel
888 1813 1049 1883 rhetores
1078 1813 1197 1907 (quod

155 2012 156 2016 Ἰ
197 1942 388 2024 utrumque
402 1953 536 1997 nomen
555 1926 621 1997 sibi
634 1925 892 2018 vindicabant),
910 1940 950 1995 ut
964 1925 1019 1996 vel
1034 1927 1070 1995 in
1083 1927 1197 2023 patria

197 2043 341 2111 Catonis
358 2041 527 2136 Gorgiam
547 2041 782 2128 imitarentur,
803 2054 838 2110 et
854 2039 961 2110 altera
974 2040 1031 2110 die
1045 2067 1112 2138 pro
1125 2041 1198 2137 jus·

197 2153 292 2239 titia,
318 2154 427 2224 altera
451 2169 576 2224 contra
590 2153 760 2249 justitiam
781 2153 970 2224 dicerent’.
993 2158 1110 2240 Quare
1128 2156 1198 2225 rni-

197 2287 266 2337 nus
282 2268 414 2338 mirum
428 2283 480 2338 est
497 2268 526 2338 si
544 2268 714 2338 adversus
731 2267 965 2365 philosophos
984 2283 1019 2339 et
1035 2268 1198 2340 rhetores

197 2380 508 2451 senatusconsulto
531 2394 677 2450 cautum
693 2381 737 2449 sit
753 2397 792 2448 ut
814 2386 932 2449 Romae
953 2406 996 2450 ne
1012 2398 1128 2450 essent
1137 2411 1150 2467 ,⁴
1168 2382 1198 2452 si

198 2491 319 2589 aliquo
339 2492 525 2587 interjecto
547 2509 709 2589 tempore
728 2517 855 2562 eorum
875 2493 1069 2564 imitatores
1086 2496 1200 2566 Latini

197 2607 356 2674 censorio
372 2603 483 2675 edicto
500 2605 662 2701 exagitati
679 2607 780 2675 sint⁸.

247 2721 346 2790 Unus
363 2742 405 2787 ex
417 2717 473 2787 his
486 2719 706 2807 censoribuS,
723 2718 785 2815 qui
798 2721 942 2788 Latinos
958 2717 1115 2789 rhetores
1132 2743 1198 2789 no·

196 2843 333 2919 terere,
356 2829 421 2900 suit
445 2835 484 2899 L.
512 2831 664 2902 Licinius
688 2835 846 2902 Crassus
875 2833 962 2918 Quis
985 2847 1104 2902 autem
1129 2847 1193 2924 est,

197 2944 266 3014 uisi
300 2969 450 3040 magnus
488 2945 547 3014 ilie
575 2959 610 3015 et
641 2946 948 3041 praestantissimus
981 2960 1115 3032 orator,
1153 2943 1198 3015 de

197 3083 270 3155 qno
290 3072 427 3129 tautam
444 3059 655 3154 opinionem
674 3058 800 3128 habuit
824 3081 865 3127 ao
882 3057 1033 3153 posteris
1052 3056 1198 3127 tradidit

195 3172 244 3240 M.
264 3170 419 3240 Tullius?
436 3175 529 3240 Num
543 3171 741 3269 contrarius
759 3195 834 3240 esse
851 3170 968 3267 potuit
983 3169 1035 3239 vir
1051 3170 1196 3265 insignis

196 3282 401 3379 eloquentia
437 3283 649 3379 eloquentiae
683 3283 829 3353 studio?
860 3287 937 3354 lmo
966 3297 1001 3354 et
1027 3284 1197 3353 amicissi-

82 3475 86 3483 ,
196 3417 275 3465 mus
292 3409 380 3487 erat,
400 3394 463 3465 sed
481 3394 579 3465 bono
594 3409 630 3465 et
642 3409 755 3465 rectu.
774 3394 906 3465 Malum
930 3410 1047 3465 autem
1068 3419 1144 3464 esse
1161 3409 1196 3465 et

191 3533 345 3607 pravum
374 3534 485 3605 genus
506 3532 641 3579 novum
663 3507 858 3607 disciplinae
880 3534 947 3607 pro
969 3521 1066 3579 certo
1082 3505 1194 3578 habe·

235 3686 265 3741 1.
283 3685 391 3752 Andr„
409 3682 473 3740 init.

231 3775 263 3830 2.
281 3774 412 3830 Affirmat
426 3772 456 3829 id
470 3770 636 3829 Lactantius
649 3777 755 3846 (Instit.
772 3775 808 3837 V,
824 3773 885 3844 id).

235 3863 263 3918 3.
280 3865 397 3919 Sueton.
416 3867 460 3917 De
477 3865 519 3918 ill.
533 3861 603 3916 rhet.
616 3862 727 3918 t—a.
744 3859 833 3931 Gett,
847 3861 912 3929 XV,
927 3862 975 3915 11.
990 3861 1192 3918 senatuscons.

193 3950 300 4008 factum
323 3964 366 4008 est
388 3953 420 4010 C.
443 3951 554 4009 Fannio
577 3949 727 4020 Strabone,
744 3952 783 4006 Μ.
800 3948 863 4006 vat.
881 3949 1002 4007 Messala
1022 3967 1096 4008 coss.
1122 3967 1190 4005 ann.

192 4043 230 4099 U.
247 4044 278 4100 C.
305 4045 374 4111 592,
392 4044 446 4098 161
464 4053 523 4099 ant.
538 4044 566 4098 J.
582 4042 638 4116 C.).
651 4074 692 4086 —
705 4038 873 4100 Censorium
888 4037 1014 4099 edictum
1027 4057 1096 4096 ann.
1108 4039 1145 4100 U.
1158 4039 1191 4098 C.

193 4133 247 4191 661
265 4134 422 4206 (923661.
440 4131 498 4210 C.).
581 4169 583 4173 ,
