2804 4980
594 403 645 419 -
669 364 792 436 48...

186 516 297 617 »cujus
322 541 433 614 genus
459 513 624 604 dicendi,
645 530 782 612 quanto
811 514 939 589 ardore
962 534 1191 615 expresserat,

199 641 298 699 tanto
325 627 469 724 elingit,
506 650 618 721 quum
644 650 665 697 e
693 625 935 698 declamatore
957 627 1195 726 philosophus

187 739 321 828 evasit,
347 751 381 808 et
406 737 538 807 stoicus
564 735 723 832 quidem.
743 739 950 809 Mansernnt
968 752 1087 811 tamen
1102 739 1195 810 anti-

198 873 354 946 quorum
374 847 542 918 vitiorum
559 847 595 916 in
614 871 659 916 eo
678 846 824 943 vestigia
851 875 860 919 t
886 847 1049 944 quaedam
1067 849 1103 919 in
1119 847 1195 945 ejus

199 959 360 1030 oratione
371 973 444 1027 tam
455 954 568 1026 subito
580 955 796 1048 desinebant,
809 974 851 1029 at
859 956 1054 1029 noabrevia
1066 974 1193 1047 essent,

199 1068 265 1139 sed
277 1067 440 1164 abrrcpta.
462 1067 612 1138 Dicebat
626 1084 745 1139 autem
753 1067 839 1162 fere
852 1068 971 1141 dulces
989 1072 1193 1141 sententias.

204 1185 334 1248 Deerat
360 1177 418 1246 illi
443 1179 640 1248 oratorium
664 1177 792 1267 robur,
820 1178 943 1249 atille
961 1180 1200 1277 pugnatorius

189 1314 322 1360 -mucro
335 1292 357 1358 ².
379 1293 460 1359 Haec
476 1290 671 1360 novissima
690 1289 735 1360 de
753 1314 828 1386 quo
849 1288 1069 1361 dictasunt?
1088 1287 1199 1361 Ande

201 1405 240 1474 L.
271 1405 404 1472 Seneca
432 1401 673 1499 philosopho?
703 1402 739 1471 Si
764 1427 838 1475 non
864 1402 910 1474 de
937 1408 975 1473 L.
998 1406 1145 1492 Seneca,
1164 1418 1202 1473 at

200 1509 326 1582 saltem
350 1508 395 1579 de
424 1523 642 1606 praeceptore
670 1508 784 1600 illius,
808 1525 843 1580 et
879 1536 923 1582 eo
948 1509 1096 1609 quidem
1111 1534 1202 1607 pne-

192 1635 365 1718 -ceptore,
395 1645 504 1717 quem
522 1620 673 1710 amavit,
696 1620 796 1718 cujus
816 1636 852 1692 et
877 1621 1035 1694 laudavit
1056 1616 1201 1692 dicendi

202 1735 336 1829 genus'
351 1745 387 1803 et
405 1745 548 1805 secutus
565 1745 630 1802 est.
652 1734 837 1818 Quantum
854 1731 995 1803 novisse
1012 1755 1202 1830 possumus

202 1843 412 1930 Fabianum,
423 1843 528 1914 nobis
536 1859 682 1940 apparet
690 1844 801 1915 veluti
814 1846 912 1941 prior
923 1842 1085 1940 quaedam
1096 1847 1135 1913 L.
1145 1844 1203 1913 Se·

204 1979 300 2026 necae
317 1954 464 2050 species.
493 1952 732 2051 Philosophus
757 1954 854 2025 enim
879 1955 1075 2026 stoicorum
1100 1967 1204 2024 secta

194 2065 379 2151 addictus
393 2079 587 2162 antequam
598 2064 855 2164 disputationes
873 2062 1203 2161 celebraret,³qnam

194 2174 396 2272 *saepissime
412 2173 571 2244 interfuit
589 2173 910 2245 declamationibus
929 2202 937 2244 ε
954 2172 1055 2271 quod
1071 2164 1205 2244 factita-

203 2299 289 2356 runt
318 2284 453 2355 Attalus
485 2310 631 2383 quoqne
655 2287 788 2357 stoicus
814 2301 849 2357 et
881 2291 919 2356 t..
952 2287 1124 2369 Senecas.
1158 2288 1206 2353 Ut

195 2399 245 2466 ·L.
266 2399 419 2481 Seneca,
448 2393 496 2464 de
519 2395 747 2493 philosophia
765 2396 962 2493 plurimum
980 2394 1130 2493 scripsit.
1160 2396 1206 2463 Ut

206 2508 246 2573 L.
266 2506 461 2590 Senecam,
480 2503 628 2597 juvabat
648 2529 731 2574 eum
743 2504 862 2575 -verbo
878 2519 981 2575 tenus
1000 2506 1036 2575 in
1053 2507 1206 2575 conuicio

205 2614 326 2686 saecssli
352 2614 514 2685 insistere
526 2616 548 2699 ⁴,
568 2628 603 2684 et
625 2615 661 2684 io
684 2614 806 2685 luxum
835 2617 976 2706 invehi,
995 2633 1031 2690 et
1055 2631 1206 2689 matrem

205 2727 392 2815 virtutum,
401 2725 553 2822 priscam
567 2741 815 2822 paupertatem
828 2727 1056 2800 desiderare⁵.
1075 2732 1208 2815 Quem-

199 2835 407 2908 admodum
427 2835 681 2906 declamatorie
709 2837 982 2934 philosophatus
1007 2853 1059 2909 est
1084 2842 1123 2908 L.
1141 2840 1210 2907 'Se-

198 2970 319 3036 -neca‚
351 2949 380 3019 is
411 2947 702 3045 philosophicum
724 2949 760 3018 in
792 2949 943 3018 modom
969 2948 1205 3035 declamabat,

208 3072 245 3128 et
273 3059 413 3131 sinebat
438 3059 633 3155 aliquando
660 3060 799 3152 evagari
829 3059 904 3128 sine
929 3058 1041 3129 modo
1058 3072 1207 3130 stoicam

208 3193 310 3240 suam
326 3170 555 3240 doctrinam⁶.
572 3169 667 3255 Quid
680 3167 894 3267 quodsape,
907 3170 1125 3267 quumlegas
1141 3176 1207 3242 Fa-

208 3279 307 3351 biani
323 3280 531 3376 fragmenta,
552 3280 667 3376 legere
680 3279 745 3351 tibi
761 3280 914 3354 videaris
928 3286 965 3354 L.
985 3282 1185 3354 Senecam?
1198 3286 1209 3318 ²

252 3527 280 3582 l.
305 3525 446 3592 Conana,
460 3524 500 3594 11,
511 3519 596 3597 prus.

250 3616 280 3670 2.
299 3615 392 3688 Epist.
408 3632 457 3683 xa,
474 3633 501 3681 c,
517 3624 546 3669 et
561 3611 678 3690 passim.

251 3705 280 3759 3.
302 3705 415 3760 Suasor.
432 3705 461 3758 2.
476 3733 516 3745 —
529 3703 667 3772 Contrua„
678 3701 761 3778 pras.

251 3795 281 3848 4.
306 3794 446 3860 Contrua,
461 3794 499 3848 11.
512 3789 597 3866 pras.

159 3924 165 3935 .
252 3886 282 3940 s.
305 3880 668 3954 Jtta.,11,9.-11,rt.

252 3974 282 4030 6.
305 3970 395 4041 Ibat,
410 3976 450 4044 ll,
466 3973 525 4044 13;
541 3975 582 4044 11,
598 3975 636 4030 tt
651 3985 680 4029 et
694 3992 769 4050 pass.

254 4061 284 4120 ⁸1.
305 4062 495 4120 Proferantur
508 4060 589 4133 haec,
611 4061 736 4140 exempli
754 4061 847 4142 gratia
866 4084 873 4120 ι
892 4089 907 4118 a
923 4065 987 4123 Non
1005 4065 1124 4126 simulas
1136 4056 1213 4139 ista,
