2804 4980
537 328 540 333 ’
599 378 798 449 -a5-

198 529 483 617 numerationes,
503 550 613 623 quam
630 525 886 598 sententiarum
898 530 920 598 ¹.
939 558 956 594 >t
976 529 1199 603 Videbantur

200 667 343 739 quoque
357 639 574 713 scholasticis
586 637 770 725 Suasoriae,
787 637 907 734 potius
920 663 1028 735 quam
1038 645 1193 714 Conuo-

199 755 331 843 versiae,
352 750 529 850 quosdam
546 749 707 847 poeticos
728 747 828 820 locos
848 749 1052 840 admittere;
1077 753 1198 850 itaque

199 867 234 936 in
252 867 294 936 iis
310 862 601 937 describebantur
623 861 768 957 copiose
786 876 863 931 tum
886 860 1040 932 locorum
1060 862 1199 934 dabitur

189 978 456 1072 fluminumque
480 971 658 1057 decursus,
686 987 724 1040 et
748 970 884 1042 urbium
906 975 995 1044 situs
1016 998 1199 1070 nmresque

192 1085 440 1182 populerunt',
457 1097 533 1153 tum
552 1082 659 1152 maris
675 1079 813 1153 infinita
829 1083 1026 1176 fluctuatio,
1043 1086 1198 1184 tempes-

200 1210 287 1268 tates
303 1219 344 1265 ac
358 1192 532 1293 procellae,
553 1206 651 1263 vasta
669 1193 784 1263 noctis
800 1193 939 1264 silentia
952 1197 974 1265 ³.

246 1308 464 1398 Argumenta
477 1300 725 1371 Suasoriarum
739 1315 839 1372 erant
851 1303 1021 1400 pleraque
1032 1328 1075 1373 ex
1085 1302 1197 1374 histo·

198 1416 258 1486 riis
274 1430 416 1512 sumpta
436 1441 445 1482 :
466 1412 724 1485 declamatores
741 1414 875 1486 dabant
893 1416 1084 1486 consilium
1097 1416 1199 1511 Syllae

192 1527 355 1620 privatus
372 1525 536 1596 utaltum
551 1523 739 1595 dormiret*
745 1554 759 1610 ;
773 1524 940 1622 placebat
951 1527 1001 1598 eis
1012 1528 1144 1601 mirum
1160 1528 1199 1598 in

199 1634 351 1705 modum
368 1636 439 1706 dux
457 1635 515 1707 ille
535 1640 664 1706 Poenus
675 1639 707 1726 ⁸,
723 1638 786 1732 qui
805 1635 940 1706 rhetori
1199 1635 1202 1643 ’

246 1886 775 1903 ...............
800 1839 894 1902 Sexta

240 1939 373 2028 Quaque
390 1941 442 2006 die
459 1943 608 2006 miserum
620 1941 706 2006 dirus
722 1957 818 2030 caput
832 1941 971 2005 Annibal
986 1941 1108 2030 implet,

241 2040 405 2128 Quidquid
420 2043 454 2107 id
471 2059 518 2106 est
533 2043 574 2107 de
590 2067 654 2130 quo
671 2042 838 2122 deliberat,
852 2066 893 2104 an
908 2058 996 2130 petat
1012 2043 1128 2108 urbem

242 2143 270 2204 A
287 2143 416 2224 Cannis,
436 2167 476 2206 an
492 2159 564 2232 post
574 2143 700 2206 nimbos
717 2159 749 2205 et
765 2142 898 2205 fulmina
912 2159 1022 2207 cautus

241 2243 440 2334 Circumagat
455 2244 600 2309 madidas
616 2268 634 2306 a
650 2258 836 2332 tempestate
848 2242 1024 2309 cohortes⁶.

196 2434 449 2508 Deliberabant
466 2461 511 2509 an
532 2437 676 2507 isthmos
693 2433 867 2523 intercidi,
888 2458 933 2504 an
957 2437 1088 2506 siccari
1092 2436 1201 2532 palm

195 2547 400 2641 Pomptina,
412 2572 458 2618 an
470 2563 598 2645 portus
610 2548 697 2644 fieri
714 2547 820 2617 Ostia
831 2548 989 2641 posset⁷3
1012 2545 1079 2617 alia
1093 2546 1201 2643 hujus

197 2654 297 2724 modi
322 2655 446 2728 multa.
478 2656 655 2728 Ludentes
682 2654 908 2727 affirmabant
935 2672 996 2727 aut
1021 2657 1201 2754 negabant

198 2790 273 2835 esse
305 2766 462 2863 aliquam
489 2763 726 2855 Atlantidem,
767 2791 879 2863 quum
906 2792 987 2838 eam
1012 2779 1201 2838 moverent

197 2876 452 2971 quaestionem,
476 2900 521 2948 an
546 2874 756 2946 Alexander
775 2902 944 2946 oceanum
965 2879 1123 2974 navr'get,
1144 2875 1200 2945 ul·

197 2999 321 3082 traque
340 3002 456 3057 terras
477 2989 525 3057 sit
548 2988 770 3056 ιἠνειιῐαιίω8
788 3013 799 3056 .·
814 3010 922 3083 quam
941 3010 1104 3082 magnam
1122 2990 1201 3055 rem

197 3096 380 3192 agitarent,
398 3124 460 3171 eos
475 3095 601 3195 procul
618 3096 730 3168 dubio
750 3096 904 3189 fallebat,
929 3122 1045 3170 meras
1062 3094 1206 3167 fabulas

197 3222 347 3281 tractare
366 3208 433 3279 sibi
456 3206 671 3279 videbantur
691 3235 700 3279 ε
722 3223 855 3280 namet
874 3205 1199 3305 lictaepoeticaeque
1315 3229 1319 3236 ⁴

236 3437 265 3497 t.
282 3439 336 3508 m,
353 3439 381 3494 s.

237 3529 266 3582 1.
280 3529 320 3584 Μ.
337 3529 439 3585 Senec.
458 3528 597 3598 Contrua,
612 3528 653 3598 II,
663 3521 747 3602 pras.

236 3616 265 3672 3.
280 3613 339 3688 Id.,
359 3614 443 3685 thia,
455 3634 532 3693 pass.

235 3706 503 3780 t.Juven.‚-1,16.
1103 3768 1106 3773 ⁴
1177 3740 1180 3744 »

235 3796 265 3850 5.
282 3795 321 3850 Ut
334 3794 430 3871 pueris
447 3795 560 3873 placeas
573 3805 602 3852 et
615 3789 785 3852 declamatio
799 3790 860 3850 fias.
875 3789 930 3867 (Id.
943 3792 984 3862 X,
1001 3788 1081 3864 167).

236 3885 265 3945 6.
281 3880 326 3940 Id.
342 3886 407 3956 VII,
420 3887 473 3943 161
486 3905 534 3962 sq.

235 3973 265 4029 7.
282 3971 401 4046 Quintil.
407 4015 416 4043 ,
431 3977 485 4047 111,
500 3978 528 4032 8.

235 4064 265 4120 8.
280 4066 320 4121 Μ.
336 4065 437 4123 Senec.
451 4068 563 4124 Suasor.
581 4067 609 4122 1.
