2804 4980
597 370 794 441 ..87-

135 616 142 625 ι
192 541 376 601 summum
401 515 598 619 perducta,
615 544 738 595 rursus
755 520 803 597 ad
827 519 1014 611 infimum,
1041 514 1200 594 velocius

191 626 343 729 quidem
359 652 468 729 quam
484 628 734 723 ascenderant,
753 629 960 705 relabantur
970 635 992 702 ¹.
1015 661 1035 699 2

240 741 483 839 Degenerasse
509 753 629 815 autem
657 739 915 839 eloquentiam,
939 739 995 815 vel
1018 738 1058 819 id
1086 761 1201 819 unum

192 840 430 937 demonstret,
449 846 549 944 quod
566 872 623 921 ars
638 848 750 921 nimia
768 847 859 923 iacta
875 847 920 919 sit
940 873 950 916 z
971 861 1007 921 at
1024 869 1201 949 quonam·

192 952 307 1037 modo
323 955 416 1028 intra
426 955 543 1054 justos
558 958 730 1030 terminos
746 981 785 1031 se
798 954 994 1031 tenuisset?
1009 960 1087 1031 Jam
1103 978 1199 1057 pene

147 1074 152 1081 '
194 1062 1199 1165 omniomisso,quiquidemseriusesset,orandifme,ars

191 1195 308 1279 perse
322 1174 429 1265 stetit,
440 1188 499 1247 a'rs
510 1173 605 1248 culta
619 1189 684 1270 est,
699 1200 775 1249 non
786 1174 875 1246 alius
887 1173 940 1246 rei
950 1174 1080 1277 gratia,
1092 1187 1200 1275 atque

194 1283 280 1361 artis
293 1282 405 1385 ipsius
415 1288 437 1353 ³.
461 1285 549 1359 lnde
565 1286 683 1391 erupit
693 1312 773 1358 mos
793 1282 1059 1379 declamitandi,
1074 1308 1202 1357 neces-

194 1391 279 1465 sitas
304 1392 559 1469 declamitandi
581 1422 589 1466 :
609 1395 709 1499 quod
734 1397 832 1468 enim
858 1393 1010 1485 faciebat
1032 1395 1198 1499 quisque,

195 1512 271 1579 t't'on
288 1504 416 1601 lacere,
436 1533 504 1607 pro
523 1507 749 1582 confessione
767 1505 887 1614 pusilli
908 1507 1042 1609 ingenii
1063 1507 1197 1583 suisset.

194 1616 284 1709 Quae
299 1632 417 1716 potest
440 1644 516 1693 esse
535 1620 628 1693 inter
651 1621 787 1695 otiosos
809 1619 1027 1719 eloquentia,
1045 1616 1125 1708 tuit,
1145 1616 1202 1691 t'u·

195 1739 275 1801 cata
293 1752 424 1829 nempe
443 1744 477 1801 et
497 1727 701 1802 histrionali
716 1727 835 1803 studio
854 1728 1079 1803 deformata:
1099 1725 1202 1825 quus

189 1836 345 1911 unicum
367 1855 444 1913 erat
470 1853 697 1914 momentum
728 1839 913 1939 voluptas,
945 1839 1072 1913 unicus
1098 1836 1198 1929 duis,

194 1945 352 2051 plausus.
372 1949 540 2025 Plausum
557 1952 655 2024 enim
672 1964 708 2024 et
723 1951 1000 2025 admirationem
1012 1948 1129 2023 inanis
1145 1973 1204 2021 cu·

188 2055 323 2159 jusque
350 2082 393 2131 ac
416 2060 560 2133 delicati
587 2061 816 2153 auferebant,
845 2063 1072 2161 retinentque
1104 2081 1203 2135 nunc

196 2168 304 2242 etiam
321 2172 507 2275 temporis,
525 2172 588 2277 qui
609 2172 724 2251 simile
744 2171 891 2248 dicendi
911 2196 1023 2273 genus
1047 2167 1203 2275 amplexi

195 2292 293 2361 sunt.
1050 2296 1053 2301 '

246 2395 325 2464 lmo
357 2393 512 2469 vidimus
541 2417 617 2467 non
647 2395 783 2469 stetisse
818 2395 911 2469 intra
943 2390 1106 2467 scholam
1139 2389 1204 2467 de-

196 2502 443 2594 clamatoriam
473 2504 578 2578 istam
608 2504 871 2613 eloquentiam
907 2528 1034 2588 omnes
1062 2501 1200 2608 rapuit,

197 2636 325 2704 omnes
343 2612 389 2686 ad
410 2640 448 2689 se
470 2617 587 2689 traxit.
606 2619 720 2690 Nemo
741 2639 974 2689 communem
996 2627 1134 2712 pestem
1160 2635 1204 2689 ex

91 2746 97 2765 ·
197 2724 300 2807 omni
316 2739 418 2827 parte
435 2724 568 2827 effugit,
584 2751 630 2815 ne
647 2727 710 2828 qui
725 2724 871 2799 videbat
888 2723 1036 2823 quidem
1054 2746 1146 2815 eam,
1163 2733 1205 2799 ut

198 2833 239 2909 t..
259 2835 407 2931 Seneca,
425 2852 466 2911 ut
479 2837 681 2931 Petronius,
696 2835 822 2935 nequi
837 2833 1114 2917 abominabatur
1124 2832 1206 2937 qui-

199 2938 303 3035 dem,
331 2961 371 3018 ut
390 2946 643 3038 Quintilianus,
672 2961 713 3019 ut
736 2946 870 3017 Plinius
893 2945 1031 3017 Junior.
1058 2944 1087 3015 li
1106 2944 1204 3016 enim

196 3052 277 3154 ipsi,
296 3057 523 3158 quimaxime
536 3059 746 3132 Ciceronem
762 3055 1044 3144 admirabantur,
1052 3063 1091 3126 ‘e't
1102 3053 1204 3127 vole·

196 3159 287 3235 bant
304 3167 453 3257 imitari,
472 3166 719 3270 imprudentes
736 3163 1030 3264 obsequebantur
1046 3161 1204 3238 scholas·

197 3274 275 3352 ticts
291 3291 327 3353 et
343 3281 383 3349 L.
401 3279 562 3370 Senecae,
581 3278 680 3353 haud
699 3305 802 3355 secus
827 3304 869 3352 ac
890 3283 1035 3351 Lucano
1053 3275 1201 3368 Statius,

194 3387 315 3484 quise
333 3386 471 3487 optima
487 3387 560 3460 lide
577 3388 764 3461 alumnum
778 3386 1016 3487 profitebatur
1031 3384 1201 3457 Maronis.

238 3620 268 3676 l.
290 3621 331 3677 tt.
349 3620 466 3693 Senec,
484 3618 624 3691 Contrua,
646 3621 673 3697 t,
693 3615 777 3701 pras.
795 3649 837 3662 -
849 3615 893 3676 Cf.
915 3618 949 3675 L.
976 3617 1092 3691 Senec,
1106 3616 1200 3697 Epist.

197 3709 304 3782 CXIV;
323 3709 399 3765 Dial.
416 3710 453 3765 de
469 3709 550 3767 Orat.
563 3730 571 3781 ;
583 3706 717 3783 Quintil,
733 3725 810 3788 pass.
820 3727 829 3779 3
841 3709 972 3779 Peteon,
989 3703 1052 3765 init.

239 3799 270 3856 2.
291 3823 305 3850 «
321 3800 363 3855 La
376 3796 567 3857 declamation
580 3815 618 3865 ne
630 3795 673 3854 fut
680 3795 745 3875 plus
754 3815 811 3857 une
819 3793 948 3853 muniere
958 3793 994 3852 de
1001 3813 1033 3852 se
1039 3793 1205 3880 preparerl

146 3880 149 3885 ⁴
201 3911 217 3945 a
232 3885 424 3967 l'dloquence,
438 3885 752 3969 puisquel'eloqueuce
762 3885 864 3946 n'etait
876 3884 943 3965 plus
953 3882 990 3943 de
1004 3885 1086 3944 mise.
1100 3889 1142 3945 La
1154 3881 1220 3947 dd?

84 3986 98 4009 ⁹
199 4001 216 4060 ¹«
232 3976 386 4036 clamation
397 3996 476 4035 cessa
489 3976 582 4039 d’dtre
597 3997 638 4036 uu
652 3990 758 4059 moyen
769 3988 800 4036 et
812 3975 912 4036 devint
930 3993 971 4035 un
985 3972 1048 4035 but.
1068 4001 1082 4028 s
1097 3977 1144 4051 (S.
1158 3980 1201 4037 Μ.

198 4064 349 4141 Girardin,
364 4066 464 4123 anais
478 4068 516 4124 de
530 4069 585 4125 titt.
600 4069 677 4159 erade
690 4084 761 4143 ntor.
775 4068 817 4145 tt,
832 4086 862 4151 p.
879 4067 964 4143 tta.)
