2768 4974
692 358 890 434 ..66-

284 496 553 582 οετοψεοίεὴάῐὶ
582 507 625 575 ts
647 502 899 600 nequidquam
923 492 1026 570 irruit
1053 492 1293 597 repetito-im·

280 633 372 719 peto
395 619 437 688 *in
467 616 650 687 Ciceronis
676 615 809 685 famam
844 611 962 682 omnis
993 604 1293 685 scholasticorum

264 745 266 748 ’
284 729 570 801 declamatorum
587 725 731 816 cohors,
747 723 993 820 nequidquam
1012 722 1193 793 inversum
1206 723 1292 814 tuit,

286 838 663 934 invalidopaucorum
676 834 913 932 prudentium
936 830 1091 922 auxilio,
1108 836 1296 905 Romano-

286 972 369 1022 rum
392 950 428 1020 in
447 949 571 1031 litteris
588 948 780 1043 judicium,
808 947 950 1017 duravit
972 935 1178 1041 eloquentia
1193 945 1297 1018 Gice·

287 1059 460 1148 ronis,-et
481 1072 594 1128 semet
611 1058 798 1146 sustinuit,
819 1070 853 1126 et
871 1055 1009 1144 habuit,
1030 1056 1151 1125 sinon
1177 1054 1296 1133 imita-

286 1181 425 1256 torem,
451 1165 577 1237 saltem
600 1180 798 1236 amatorem
814 1189 949 1237 sanum
974 1188 1167 1262 quemque.

331 1421 356 1504 S
373 1427 413 1483 Il.
437 1428 481 1480 De
494 1445 563 1481 nova
577 1426 735 1500 eloquentia
748 1444 808 1499 quaa
822 1444 879 1498 per
890 1425 1091 1480 declamatores
1101 1422 1250 1495 increbuit.

339 1601 574 1674 scholasticas
592 1603 873 1690 exercitationes
894 1601 1017 1697 quales
1033 1616 1165 1695 essent,
1180 1602 1299 1700 qualis

290 1714 499 1787 scholastica
522 1715 639 1785 omnis
661 1716 755 1804 vita,
779 1739 887 1812 supra
902 1713 1153 1810 quesivimus:
1174 1716 1299 1788 adhuc

281 1822 507 1895 scholasticae
533 1825 704 1895 orationis
732 1818 921 1894 censuram
940 1823 1160 1912 distulimuS,
1176 1849 1300 1920 quam

286 1931 389 2003 adire
403 1932 479 2025 jam
498 1934 534 2002 in
552 1946 724 2028 promptu
743 1946 808 2002 est.
829 1932 882 2000 td
903 1932 940 2001 id
966 1947 1086 2003 autem
1101 1932 1300 2006 benenos-
1366 1923 1372 1931 ⁸

291 2041 449 2113 cendum
473 2056 508 2111 et
533 2066 633 2137 aeque
659 2039 937 2111 examinandum
964 2042 1137 2112 orationis
1163 2069 1296 2138 genus,

289 2175 365 2223 non
387 2149 477 2221 nihil
503 2150 691 2226 conferunt
715 2150 789 2220 haec
812 2150 1007 2246 superiora.
1030 2155 1120 2221 Nam
1136 2152 1167 2222 si
1185 2153 1299 2225 modo

291 2273 432 2332 constat
444 2256 557 2355 (quod
576 2252 702 2356 procul
719 2258 832 2331 dubio
850 2283 926 2330 esse
943 2258 1175 2356 arbitramur)
1191 2263 1299 2359 quid·

291 2370 381 2468 quid
397 2369 464 2441 sub
476 2370 622 2466 Augusti
631 2383 771 2439 aetatem
782 2383 946 2462 ageretur
959 2369 995 2439 in
1007 2369 1154 2463 scholis,
1174 2370 1300 2443 lictum

291 2506 369 2553 esse
387 2494 422 2550 et
438 2478 593 2551 mendax
609 2493 644 2549 et
666 2479 821 2549 otiosum
836 2493 871 2548 ct
886 2478 932 2549 ab
948 2482 1048 2551 omni
1065 2506 1186 2553 rerum
1204 2483 1299 2565 ,ueri-

292 2605 364 2662 tate
380 2605 572 2679 remotum,
592 2589 782 2686 quomodo·
795 2588 901 2661 nobis
920 2593 1119 2665 necessario
1136 2618 1212 2665 non
1223 2593 1301 2666 oh-

292 2713 452 2770 versetur
486 2697 557 2769 hoc
593 2696 860 2794 praejudicium,
891 2698 990 2777 haud
1013 2699 1095 2771 lieri
1121 2726 1228 2798 posse
1258 2719 1302 2777 -ut

291 2835 376 2881 vera
395 2809 481 2880 inde
497 2822 533 2879 et
548 2831 636 2879 sana
653 2823 687 2879 et
711 2809 758 2880 ad
773 2835 829 2880 res
844 2810 1001 2905 agendas
1028 2815 1302 2888 accommodata

292 2920 420 2993 evadat
439 2918 581 2990 oratio?
607 2918 703 3004 Quid
724 2943 881 3014 quaerere
903 2936 1053 3017 possunt
1076 2925 1203 3013 otiosi,
1232 2924 1302 2994 nisi

292 3031 529 3127 voluptariam
550 3028 746 3124 quamdam
762 3029 1024 3125 eloquentiam,
1046 3047 1081 3103 et
1098 3034 1223 3107 inanes
1239 3059 1302 3106 au-

293 3139 388 3207 rium
406 3137 570 3208 delicias?
589 3136 744 3223 Quodsi
770 3154 948 3235 quotquot
965 3156 1110 3238 postero
1130 3159 1303 3243 ¹ternpore

295 3243 504 3313 exstiterunt
519 3259 679 3315 oratores
696 3270 738 3316 ac
754 3248 965 3345 scriptores,
981 3250 1018 3320 in
1036 3251 1167 3325 scholis
1181 3254 1303 3327 rheto-

293 3379 375 3424 rum
393 3353 698 3445 declamaverunt,
718 3380 842 3427 nonne
858 3359 969 3454 liquet
988 3375 1102 3434 totam
1118 3364 1303 3457 indejinli-

233 3500 237 3508 ·
292 3461 458 3534 ciendam
476 3487 552 3534 esse
572 3464 839 3560 eloquentiam?
857 3469 946 3554 Quis
968 3495 1006 3541 se
1022 3494 1043 3541 a
1058 3460 1213 3546 tanta'ct
1229 3490 1304 3549 tam

292 3571 363 3665 late
381 3574 520 3674 patenti
538 3575 753 3672 contagione
767 3601 907 3661 servare
930 3575 1072 3682 poterat
1097 3578 1304 3680 integrunt?

294 3684 460 3782 Optimus
477 3684 642 3782 quisque,
661 3700 720 3759 aut
736 3687 831 3760 sanis
848 3714 868 3760 a
885 3693 1164 3791 preceptoribus
1181 3696 1306 3770 erudi-

225 3928 228 3934 ·
319 3994 322 4001 .
334 3914 363 3969 l.
383 3915 503 3985 loven,
518 3914 582 3982 vn,
594 3914 663 3970 att.
679 3915 811 3974 Fortasse
824 3914 873 3974 ille
887 3929 930 3974 est
943 3918 1052 3983 Satrius
1066 3922 1184 4001 quidam
1198 3927 1306 4002 Rufus,

292 3997 480 4078 testatum
494 4003 786 4086 oeemaeaemaaea.
801 4005 910 4081 (rita,
923 4000 1100 4089 Epist.1,'5,
1115 3996 1188 4107 n'.)
1218 4000 1224 4009 ‘
