2804 4980
550 355 722 429 -9-

137 537 186 584 ne
207 511 282 583 otio
301 524 336 582 et
359 504 593 581 desuetudine
609 521 787 607 torpescat
808 509 1004 606 ingenium.
1029 511 1136 582 Ante·

141 651 249 724 quam
262 623 309 696 ad
325 646 448 695 causas
461 619 517 693 vel
528 619 682 719 privatas
693 619 751 692 vel
764 621 924 719 publicas
937 620 1135 714 accederet,

94 768 96 772 ⁴
141 739 258 810 nullus
274 737 308 809 ei
326 737 401 808 dies
418 733 673 823 transvolabat,
697 759 806 831 quem
822 760 898 807 non
915 736 954 807 in
968 724 1136 833 legendt'i',

142 849 345 940 scribendo,
363 845 644 920 commentando
657 848 895 945 transegisset.
915 877 932 917 u
950 851 1138 920 Commen-

143 964 256 1054 tahar,
276 961 403 1059 inquit,
422 959 656 1032 declamitant*
672 958 738 1058 (sic
754 961 852 1032 enim
868 985 967 1032 nunc
984 960 1140 1058 loquun-

142 1077 216 1174 tur)
237 1100 329 1174 saepe
344 1099 427 1148 curn
448 1077 495 1146 Μ.
524 1076 652 1146 Pisone
667 1089 703 1146 et
718 1099 802 1146 cum
818 1079 863 1163 Q.
884 1075 1057 1175 Pompeio
1078 1075 1141 1148 aut

143 1215 227 1260 cum
237 1189 358 1286 aliquo
370 1185 547 1285 quotidie3
561 1186 670 1283 idque
683 1186 855 1259 faciebam
868 1187 1020 1260 multum
1032 1189 1141 1260 etiam

142 1305 262 1389 latine,
281 1301 345 1374 sed
361 1326 471 1399 graece
487 1301 613 1400 saepius
623 1303 646 1371 ¹.
662 1305 885 1399 »Postquam
901 1300 1047 1373 hiennio
1061 1307 1142 1373 cait-

143 1440 198 1488 sas
214 1416 358 1512 egisset,
377 1429 413 1486 et
436 1412 620 1486 firmandae
645 1413 857 1485 valetudinis
877 1439 1001 1504 causa,
1021 1429 1056 1486 et
1073 1438 1141 1512 po·

141 1530 211 1601 tius
238 1527 494 1629 amplificandae
517 1527 708 1611 doctrinae,
734 1527 897 1624 migravit
914 1527 951 1599 in
968 1527 1142 1598 Graeciam

144 1644 354 1739 Asiamque,
382 1640 446 1712 uhi
468 1640 556 1712 adiit
581 1639 851 1711 disertissimum
874 1665 1075 1738 quemque,
1105 1653 1143 1712 et

143 1779 303 1825 summos
320 1768 499 1844 oratores,
524 1784 541 1819 «
561 1752 777 1849 quibuscum
795 1752 1038 1843 exercebatur,
1056 1752 1142 1852 ipsis

141 1870 346 1943 libentibus.
368 1874 476 1940 »Eos
498 1894 654 1939 summos
673 1885 833 1941 oratores
852 1884 972 1959 vocat,
994 1882 1144 1969 propter

141 2000 283 2082 gratum
301 1984 461 2054 animum
482 1982 633 2073 scilicet,
656 1982 718 2081 qui
734 1982 825 2054 meri
841 1981 1002 2054 rhetores
1019 1993 1140 2073 erant,
1252 2051 1255 2056 .

144 2112 179 2170 et
197 2097 296 2169 fictas
312 2097 523 2195 plerumque
541 2120 664 2167 causas
680 2095 843 2196 orabant.
867 2101 989 2166 Unum
1005 2109 1141 2182 tamen,

144 2208 326 2281 Molonem
339 2208 549 2280 Rhodium«
563 2233 673 2306 quum
685 2224 843 2281 actorem
856 2210 894 2279 in
906 2209 998 2280 veris
1012 2209 1141 2301 causis,

145 2323 426 2422 scriptoremque
449 2336 696 2422 praestantem,
724 2336 801 2393 tum
827 2323 863 2393 in
881 2320 1050 2393 notandis
1065 2323 1143 2393 ani·

143 2435 482 2535 madvertendisque
504 2436 598 2508 vitiis
615 2434 934 2535 prudentissimum
952 2463 970 2503 »
995 2448 1144 2506 testatur

144 2550 250 2622 luisse
259 2553 282 2620 ¹.
314 2548 366 2620 Ad
392 2564 590 2648 praeturam
605 2572 717 2645 usque
743 2571 853 2644 graece
881 2561 1144 2620 commentatus

146 2679 220 2753 est,
241 2663 360 2735 senior
375 2661 516 2734 latine³.
536 2667 658 2749 Quum
679 2675 854 2758 occupata
875 2660 941 2733 fuit
963 2685 984 2730 a
1008 2664 1144 2734 Caesare

147 2773 369 2874 respublica,
403 2789 437 2845 et
469 2773 677 2844 intermissae
708 2774 854 2845 suntin
886 2773 964 2844 loro
992 2772 1145 2866 publice

147 2910 272 2978 causae,
289 2901 366 2959 tum
377 2884 613 2985 philosophiae
625 2900 661 2956 et
675 2885 839 2956 oratoriis
855 2884 1146 2958 meditationibus

147 2999 243 3071 solus
271 3014 332 3072 aut
353 3024 437 3070 cnm
459 2998 582 3097 paucis
606 2998 728 3070 amicis
749 2998 902 3069 vacavit.
927 2995 1148 3068 Declamavit

147 3127 281 3202 autem,
300 3127 340 3184 ut
353 3113 429 3211 ipse
443 3111 489 3184 ad
504 3117 542 3183 P.
562 3111 795 3183 Volumnium
812 3109 1044 3209 Eutrapelum
1058 3108 1146 3180 scri-

146 3221 210 3314 bit,
225 3247 347 3295 coram
361 3223 481 3294 Cassio
495 3238 530 3294 et
543 3221 739 3315 Dolabella,
755 3221 883 3294 eodem
894 3237 1058 3319 tempore
1072 3244 1145 3318 quo

148 3335 307 3404 Graecam
319 3331 585 3431 philosophiam
599 3333 761 3404 Latinam
776 3331 943 3405 faciebat.
964 3329 1073 3402 Simul
1093 3345 1147 3402 at-

146 3470 218 3542 que
243 3444 371 3518 ruebat
392 3445 431 3516 in
452 3459 625 3518 extremas
645 3445 862 3518 calamitates
884 3469 941 3516 res
963 3447 1144 3536 Romana,

149 3557 207 3630 ille
230 3560 362 3630 sensim
385 3583 423 3630 se
444 3559 480 3630 in
504 3558 667 3631 abditum
687 3582 729 3630 ac
751 3572 926 3630 secretum
948 3556 1148 3632 litterarum

149 3674 343 3759 sacrarium
360 3669 601 3765 recondebat,
621 3671 718 3745 unde
735 3671 860 3744 exsiliit
873 3685 1012 3761 tamen,
1029 3683 1069 3741 ut
1081 3691 1147 3741 vo·

191 3882 221 3938 l.
237 3882 333 3954 Brut„
352 3881 402 3939 90.

192 3973 221 4029 2.
237 3969 325 4045 Jbtd,
342 3973 391 4029 at.

193 4063 222 4120 3.
239 4063 358 4121 sueton.
372 4064 418 4119 De
430 4064 500 4119 clar.
512 4061 599 4138 rdet,
616 4063 644 4120 l.
