2804 4980
616 376 811 445 ..23-

209 530 328 593 tamen
358 523 456 594 baud
483 523 694 620 negligenda
721 520 913 595 arbitratur
939 527 1204 612 Quintilianus:

209 637 448 724 narrationes,
463 660 664 705 conrmuner
677 636 746 705 loci
752 691 760 726 ,
776 637 899 727 theses,
914 641 1000 708 etc.¹
1016 643 1208 736 Postquan

208 763 346 844 reperta
372 762 425 819 est
450 763 557 844 atque
582 773 649 819 usu
672 763 880 820 consecrata
905 748 1134 844 declamatio,
1161 750 1207 825 ad

206 883 286 930 eam
305 860 581 959 properabatur3
603 863 639 931 in
659 886 730 958 qua
750 863 921 933 nimirum
941 863 1112 935 efferebat
1131 890 1208 937 sese

206 997 250 1044 ac
265 973 432 1069 gestiebat
452 998 508 1045 ars
522 975 720 1048 rhetorum.
736 975 876 1073 Duplex
889 992 965 1047 erat
981 976 1207 1049 declamandi

205 1109 339 1180 genus,
367 1087 467 1183 quod
492 1102 527 1158 et
555 1090 744 1158 Suasorior
771 1089 843 1158 sive
870 1087 1140 1182 deliberativas,
1171 1105 1207 1163 et

201 1195 406 1292 judiciales,
427 1225 505 1296 quae
523 1203 774 1272 Controversia
786 1199 1020 1293 dicebantur,
1040 1205 1206 1276 materias

205 1313 426 1387 admittebat.
460 1320 512 1386 De
541 1314 647 1386 laude
675 1339 717 1386 ac
741 1316 1022 1412 vituperatione,
1054 1318 1154 1413 quod
1182 1343 1205 1391 a

203 1424 406 1499 rhetoribus
428 1452 539 1524 genus
558 1427 871 1498 demonstrativum
896 1427 1113 1525 appellatum
1131 1444 1202 1520 est,

202 1540 300 1612 nulla
322 1542 411 1612 lacta
432 1556 506 1613 erat
527 1542 716 1638 separatim
740 1541 895 1632 mentia,
920 1541 993 1611 sive
1013 1541 1112 1637 quod
1133 1541 1205 1613 hoc

203 1677 296 1750 opus
313 1668 428 1724 totum
449 1684 467 1720 a
488 1653 598 1725 habet
618 1653 752 1750 aliquid
770 1653 884 1723 simile
905 1654 1098 1745 Suasoriis,
1119 1655 1205 1750 quia

201 1763 413 1862 plerumque
443 1766 570 1837 eadem
599 1765 670 1836 illic
698 1765 855 1854 suaderi,
889 1764 947 1834 hic
977 1765 1115 1835 laudari
1145 1791 1203 1836 so·

200 1875 315 1971 lentl,
339 1909 356 1944 »
384 1880 457 1950 sive
482 1878 582 1976 quod
608 1877 700 1948 nihil
726 1877 795 1947 nisi
820 1876 1139 1947 demonstrativum
1168 1891 1205 1948 et

201 1988 248 2061 ad
279 2014 415 2061 meram
446 1990 687 2088 compositum
721 1989 996 2061 ostentationem
1029 1991 1203 2061 Suasoriis

199 2102 314 2174 inerat
329 2128 370 2174 ac
387 2104 658 2175 Controversiis.

249 2216 298 2284 Ea
316 2238 395 2310 quae
421 2214 467 2286 ad
493 2215 667 2285 suasorias
688 2227 723 2283 et
741 2212 927 2310 judiciales
955 2238 1078 2286 causas
1097 2217 1204 2312 perti·

197 2341 298 2412 nent,
330 2328 404 2398 fuse
427 2343 552 2399 tractat
580 2326 821 2414 Quintilianus
834 2329 859 2415 ⁸,
887 2351 961 2396 non
994 2327 1040 2398 ita
1065 2342 1198 2421 tamen,

197 2452 237 2510 ut
270 2439 497 2512 scholasticas
530 2455 671 2512 tantum
715 2438 983 2509 exercitationes
1017 2441 1202 2537 praeceptis

196 2552 375 2645 adornet,
405 2555 468 2626 sed
498 2570 539 2626 ut
558 2579 659 2626 veras
682 2579 740 2624 res
766 2568 802 2626 et
818 2577 902 2624 vera
924 2554 1067 2648 negotia
1091 2555 1203 2651 respi-

196 2667 278 2737 ciat.
317 2668 428 2739 Nobis
467 2669 552 2740 inde
593 2681 757 2738 mutuum
799 2691 939 2737 sumere
981 2667 1064 2736 satis
1105 2669 1194 2759 erit,

194 2777 372 2874 quidquid
406 2780 452 2852 ad
487 2780 713 2851 scholasticas
749 2779 1026 2850 declamationes
1059 2793 1199 2850 nostras

195 2892 355 2963 attinet:
385 2919 463 2991 quae
489 2893 623 2991 ubique
650 2893 806 2993 reperire
838 2908 890 2963 est
919 2893 963 2964 de
993 2892 1202 2990 eloquentia

194 3003 427 3080 deliberativa
443 3022 505 3081 aut
514 3007 674 3105 judiciali
691 3023 878 3107 praecepta,
895 3006 1058 3077 consulto
1073 3022 1197 3103 praete·

194 3116 357 3191 ribimus.

243 3232 431 3323 Suasoriae,
448 3234 532 3331 quia
551 3233 725 3304 faciliores
741 3231 1005 3328 judicabantur,
1022 3232 1058 3302 in
1074 3230 1198 3305 schola

193 3349 455 3418 controversias
471 3346 666 3419 anteibant.
684 3349 771 3415 Nam
786 3371 899 3442 quum
911 3345 1025 3415 Graeci
1037 3346 1149 3439 majus
1162 3358 1198 3415 et

194 3456 372 3532 difficilius
391 3460 631 3533 existimarent
650 3463 687 3530 τὸ
710 3453 889 3556 δημηγορεῖν
909 3470 964 3526 τοῦ
982 3453 1157 3538 δικαῒεσθαι
1170 3459 1193 3547 ⁸,

195 3572 346 3645 Romani
369 3587 475 3671 atque
498 3573 535 3645 in
553 3572 677 3670 primis
692 3571 826 3643 Tullius
842 3574 865 3662 ¹,
883 3566 1088 3668 judicialem
1105 3568 1193 3641 deli-

210 3723 265 3781 a.
284 3725 324 3795 11,
340 3727 370 3781 s.

235 3813 264 3868 2.
281 3809 416 3885 Quintil,
430 3816 485 3885 ΙΙΙ,
501 3818 531 3885 7,
548 3814 596 3869 28.

235 3900 263 3956 3.
281 3901 335 3969 111,
352 3902 381 3957 9.
394 3932 433 3944 -
449 3905 503 3973 ΙΙΙ,
518 3904 569 3973 ll,
581 3911 609 3956 et
621 3899 736 3977 passim.

235 3988 265 4044 t.
281 3986 397 4047 ltristot.
419 3990 547 4063 Baeton,
562 3990 615 4048 111.
633 3987 763 4046 -ldem
780 3987 871 4058 (ibid.
888 3988 915 4057 l,
936 3987 1051 4060 tots)
1068 3984 1200 4064 querimr

193 4077 273 4155 quod
287 4077 417 4137 rhetores
427 4079 488 4153 jam
503 4099 603 4138 causas
613 4077 764 4152 judiciales
776 4077 840 4136 aliis
853 4087 1064 4157 preponerent.
