2804 4980
562 384 760 456 -69-
863 470 865 474 μ

153 525 291 597 centior
309 525 507 620 laboraret,
526 531 668 604 videtur
683 533 916 623 intellexisse;
934 537 1151 634 insanosque

152 637 260 708 aetatis
293 663 364 708 suae
408 653 443 709 et
480 643 659 737 fanaticos
700 642 971 733 declamatores,
1010 661 1051 717 ut
1090 642 1162 745 qui

152 747 304 821 maxime
320 750 511 822 insectatus
527 766 579 822 est
589 755 611 822 ¹.

201 859 332 930 Mirum
347 875 399 931 est
416 884 524 957 quam
550 877 670 958 aperte
692 885 794 934 suem
820 887 1072 960 novorumque
1089 863 1154 936 de·

154 965 387 1038 clamatorum
403 968 614 1040 industriam
625 987 781 1066 exponat
796 973 832 1042 in
849 973 1002 1070 Dialogo
1016 971 1059 1040 de
1072 995 1155 1042 ora·

156 1074 286 1146 toribus
301 1080 352 1146 M.
365 1082 471 1174 Aper.
492 1077 581 1168 Qui,
601 1078 690 1173 quid
707 1079 744 1149 in
761 1081 932 1152 Cicerone
955 1079 1152 1175 vituperet,

155 1187 242 1281 quid
259 1187 296 1256 iu
312 1188 506 1284 aequalibus
531 1188 668 1276 laudet,
689 1190 717 1260 si
734 1190 1018 1280 consideremus,
1041 1204 1155 1263 totam

154 1295 367 1367 habebimus
387 1296 602 1368 scholasticae
627 1299 839 1369 elocutionis
861 1313 987 1389 artem,
1013 1297 1158 1393 qualem

151 1405 226 1500 jam
254 1430 334 1476 eam
353 1407 389 1476 in
408 1408 665 1478 Controversiis
678 1421 713 1478 et
729 1407 902 1478 Suasoriis
918 1432 939 1478 a
954 1409 1002 1477 M.
1023 1408 1157 1476 Seneca

156 1515 312 1586 collectis
328 1517 526 1612 reperimus
534 1519 556 1587 ¹.

206 1624 259 1694 Ab
282 1649 327 1694 eo
346 1626 492 1697 nonnisi
508 1626 592 1695 duri
611 1641 648 1696 et
663 1629 749 1695 sicci
756 1679 766 1714 ,
782 1627 927 1697 nonnisi
940 1625 1099 1717 horridi,
1121 1639 1157 1696 et

157 1736 321 1832 impoliti,
340 1736 458 1827 rudes,
478 1753 513 1809 et
532 1740 717 1834 informes,
736 1739 881 1809 nonnisi
905 1740 1023 1807 tristes
1039 1753 1074 1808 et
1091 1741 1157 1807 im-

151 1847 253 1940 pexi,
269 1850 386 1932 moesti
400 1863 435 1919 et
452 1848 597 1918 inculti³
607 1845 766 1920 ¹audiunt
781 1863 936 1941 veteres3
950 1862 985 1918 et
1001 1848 1159 1921 declarat

156 1979 193 2024 se
209 1956 247 2025 in
272 1957 314 2026 iis
338 1958 495 2052 legendis
512 1957 569 2028 vix
593 1960 668 2027 risu
696 1971 758 2028 aut
781 1983 905 2028 somno
930 1973 1128 2055 temperare
1146 1953 1159 2026 :¹

156 2075 262 2132 tantae
275 2079 358 2133 sunt
373 2065 494 2134 sordes
513 2064 709 2153 verborum,
727 2078 800 2134 tam
814 2066 919 2136 hians
939 2069 1157 2163 compositiO,

158 2185 232 2242 tam
247 2171 420 2243 inconditi
427 2200 563 2245 sensus.
576 2174 685 2261 Quod
694 2175 722 2244 si
736 2175 816 2269 quis
829 2177 1017 2246 sanitatem
1034 2200 1162 2247 eorum

158 2281 340 2377 praedicet,
359 2309 433 2354 non
449 2287 636 2357 sanitatem
655 2284 749 2356 hanc
763 2283 917 2372 firmam,
934 2285 996 2356 sed
1012 2272 1162 2356 maciem

158 2417 237 2489 quae
257 2393 552 2466 valetudinarium
568 2397 729 2484 nuntiet,
750 2420 826 2466 esse
844 2395 1041 2468 contendit.
1060 2402 1163 2467 Hanc

159 2505 322 2575 Ciceroni
332 2505 477 2577 laudem
494 2503 633 2598 tribuit,
649 2506 746 2604 quod
757 2510 902 2604 primus
912 2509 1066 2610 excoluit
1078 2534 1160 2578 ora·

161 2614 303 2702 tionem,
320 2615 412 2686 locos
422 2642 559 2713 quoque
571 2618 719 2688 immores
732 2608 929 2704 attentarit,
943 2633 981 2687 et
989 2616 1162 2713 quasdam

160 2725 270 2792 etiam
295 2727 489 2794 sententies
508 2727 659 2812 invenit,
679 2723 742 2794 sed
759 2723 797 2793 id
813 2725 850 2793 in
869 2739 1069 2814 senectute,
1098 2726 1187 2797 sed

161 2831 284 2901 serius.
309 2837 386 2903 Hoc
405 2847 457 2902 est
470 2832 659 2920 nimirum,
677 2832 777 2928 quod
795 2832 831 2902 in
850 2833 1023 2903 Cicerone
1039 2834 1191 2932 displi--

161 2941 264 3012 cebet
274 2940 534 3030 Cesti0,rarites
544 2940 799 3013 sententiarum
807 2943 920 3031 ;inter
929 2966 1018 3039 quas
1027 2956 1168 3030 tamen,

161 3053 278 3149 siqu'ae
290 3055 493 3152 corruptior
509 3068 544 3125 et
560 3053 637 3124 seni
653 3053 861 3152 poenitenda
878 3052 1063 3124 excidisset
1078 3049 1165 3122 ado·

162 3162 375 3254 lescentulo,
394 3165 487 3236 hanc
508 3166 735 3264 potissimum
765 3164 958 3235 acerrimus
983 3162 1041 3237 lle
1064 3163 1163 3234 Cice-

162 3275 260 3345 ronis
276 3290 501 3372 contemptor
517 3276 584 3347 sibi
597 3277 698 3346 lucro
714 3276 946 3373 apponebat⁴.
967 3273 1169 3372 Reprehen-

206 3542 235 3597 1.
255 3541 395 3611 Comme,
417 3535 468 3596 lib.
480 3537 560 3618 vulg.
582 3540 619 3611 V,
642 3540 877 3613 iil-Comme,
889 3542 930 3613 ΙΙ,
946 3537 1030 3617 praef.
1038 3545 1111 3612 -1‚
1128 3544 1162 3613 5,
1195 3547 1198 3552 ’

189 3644 244 3685 ass.

165 3647 188 3707 p
205 3719 233 3776 2.
247 3718 312 3772 Non
326 3715 409 3773 nobis
422 3714 453 3771 in
470 3713 567 3772 animo
580 3727 623 3773 est
636 3736 670 3775 ea
681 3715 779 3774 omnia
796 3727 963 3786 retractare,
980 3735 1044 3793 quae
1058 3715 1166 3794 optime

167 3803 322 3882 disputavit
333 3805 441 3863 amicus
455 3816 565 3878 noster,
581 3811 617 3863 A.
628 3803 725 3864 Widal
739 3808 769 3862 iu
783 3809 875 3862 Taciti
885 3809 1036 3881 Dialogum
1052 3806 1168 3879 (1851),

166 3892 218 3953 sed
231 3913 265 3952 ea
274 3905 383 3951 tantum
394 3893 488 3952 obiter
496 3893 679 3974 recolligere,
695 3914 760 3972 quae
772 3913 880 3953 novam
894 3907 986 3954 artem
1005 3893 1145 3972 produnt.

206 3985 235 4040 3.
259 3986 310 4054 re,
325 3985 375 4055 eo,
391 3987 441 4056 er,
457 3987 506 4041 23.

207 4076 237 4129 1.
251 4070 421 4130 Notissimus
435 4084 478 4131 est
501 4071 582 4132 locus
600 4070 749 4132 Roscianae
767 4071 924 4147 orationis,
944 4071 978 4131 in·
995 4073 1113 4130 Oratore
1127 4066 1167 4128 ub
