2804 4980
596 421 792 494 ...85-

198 567 214 601 ·‘
276 567 421 651 Jure'nal,
443 569 530 634 e'leve
549 568 628 635 dans
649 570 695 636 les
717 572 777 635 cris
797 569 837 636 de
855 570 979 653 l’ecole,

277 669 395 734 Poussa
407 670 533 759 jusqu'a
549 669 664 736 l‘exces
680 695 714 735 sa
733 671 902 736 mordente
916 670 1104 760 hyperbole.
1195 714 1197 718 -

129 866 132 875 ·
237 824 444 916 iuvenalem
462 827 557 898 enim
574 841 715 901 constat
730 826 781 898 ad
795 826 948 898 mediam
962 831 1190 926 fereaetatem

188 930 472 1006 declamantem&
495 941 573 1036 lpse
601 937 709 1010 talem
736 939 910 1034 originem
937 963 1011 1032 non
1037 953 1198 1031 recusat,
1240 949 1243 955 '

189 1043 264 1116 imo
272 1044 383 1141 jactat
403 1071 412 1112 ε
432 1070 518 1117 narn
541 1073 654 1145 quum
670 1062 812 1146 reputat
829 1056 952 1120 secum
972 1073 1019 1119 an
1041 1073 1192 1120 ausurus

189 1149 234 1230 sit
246 1181 283 1229 se
297 1157 413 1257 poetis
425 1157 534 1230 aetatis
546 1183 617 1230 suae
629 1159 879 1253 adnumerare,
892 1159 1047 1248 Quidni?
1061 1160 1190 1258 inquit,
1235 1229 1237 1232 ,

223 1328 275 1404 'El
290 1363 349 1404 uos
366 1363 443 1429 ergo
460 1363 593 1404 manum
609 1340 718 1405 ferulae
733 1331 953 1424 subduximus,
971 1358 1005 1408 et
1021 1365 1081 1406 nos

219 1442 404 1520 ‘Consilium
423 1441 569 1508 dedimus
584 1442 689 1532 Syllae,
707 1443 794 1510 etc.²

240 1611 338 1711 Saepe
363 1614 661 1707 declamatorum,
686 1641 778 1714 saepe
801 1615 987 1686 rhetorum
1015 1613 1196 1708 meminit,

91 1803 93 1807 y
191 1737 226 1794 et
245 1749 327 1823 erga
350 1751 410 1798 eos
436 1726 532 1799 solos
550 1741 726 1825 temperat
751 1728 899 1798 satiricae
922 1749 1020 1826 venae
1036 1750 1121 1815 suae,
1142 1727 1196 1797 ut·

190 1850 276 1933 pote
294 1836 353 1908 cui
378 1853 497 1934 gratus
521 1838 638 1910 obstet
660 1839 813 1913 animus.
836 1842 928 1909 Eum
954 1838 983 1907 si
1009 1836 1197 1934 diligenter
1310 1922 1312 1927 .

191 1945 412 2036 consideres,
422 1948 575 2046 plurima
590 1949 751 2020 invenias
765 1948 1068 2020 declamationum
1084 1948 1122 2018 in
1139 1951 1199 2020 Sa·

190 2055 266 2128 liris
285 2059 444 2160 vestigia.
464 2063 587 2146 Quum
604 2060 650 2131 de
674 2060 801 2131 Pellaeo
820 2059 953 2156 juvene
969 2058 1140 2155 loquitur,
1158 2059 1195 2128 in

191 2188 334 2239 versum
356 2169 606 2240 accommodat
625 2168 778 2240 solutam
802 2166 997 2264 quamdam
1015 2161 1194 2248 declama·
1310 2178 1317 2182 “

73 2357 78 2366 ,
130 2344 132 2349 ,
191 2277 278 2347 toris
297 2280 554 2351 senteutiam³z
578 2280 662 2351 item
685 2276 784 2350 haud
809 2277 918 2349 dubie
940 2278 985 2348 de
1007 2275 1193 2367 Annibale,

102 2381 104 2385 ’
191 2387 276 2458 item
293 2387 338 2459 de
354 2389 485 2459 multis.
500 2388 571 2461 Sed
590 2388 679 2487 quid
696 2389 744 2460 ita
761 2387 866 2477 refert
880 2386 1035 2484 singulas
1054 2401 1196 2458 notasse

192 2496 289 2593 apud
306 2522 389 2568 eum
411 2500 516 2570 unius
539 2513 601 2570 aut
619 2499 762 2571 alterius
784 2497 1054 2578 declamationis
1073 2497 1200 2609 imina-

183 2607 326 2697 'tioues,
353 2632 467 2703 quum
489 2608 579 2679 nihil
605 2610 650 2680 sit
675 2609 776 2707 quod
801 2634 876 2679 non
903 2631 963 2677 eas
986 2605 1202 2678 redonare

192 2722 291 2790 Hanc
310 2719 564 2791 obscuritatem
577 2720 700 2815 genuit
714 2718 831 2790 brevis
844 2742 886 2791 ac
901 2717 1003 2788 recisi
1017 2716 1204 2787 sermonis·

192 2829 466 2921 attoetari0,9et
499 2830 621 2901 nescio
654 2855 732 2927 quae
770 2830 808 2901 in
839 2828 1043 2901 emittendis
1077 2823 1201 2897 verbis

191 2941 440 3037 parcimonia3
475 2940 541 3011 has
569 2939 764 3012 verborum
798 2939 995 3038 ampullas,
1032 2924 1108 3009 nori
1138 2946 1196 3007 ar'·
1258 3034 1260 3038 Ι

193 3048 282 3123 dens
303 3051 525 3148 indignatio,
551 3051 614 3124 sed
632 3050 842 3123 scholastica
865 3049 1089 3122 consuetudo
1110 3070 1196 3146 pro-

235 3347 263 3402 1.
287 3346 411 3404 sueton?
427 3350 487 3408 Via.
498 3349 597 3405 laren.

234 3437 263 3494 2.
285 3439 361 3510 Sat„
375 3439 400 3509 I,
417 3440 465 3496 ta.

233 3529 262 3584 3.
285 3529 440 3601 Suasor.,7
453 3547 460 3581 ι
475 3527 661 3585 «Alexander
671 3524 737 3584 orbi
745 3544 866 3606 magnus
876 3521 1104 3599 es't,Alexaudro
1115 3519 1194 3584 orbis

123 3636 129 3647 ·
193 3626 393 3696 angustusest.
410 3640 424 3668 a
440 3647 481 3659 -
492 3619 612 3691 Juveu„
627 3621 687 3676 Sat.
701 3620 731 3676 X
746 3636 754 3671 z

299 3734 376 3787 Unus
387 3736 482 3788 Pellaeo
492 3736 584 3808 juveni
598 3754 654 3789 non
666 3735 763 3804 sufficit
775 3734 857 3802 orbis,

299 3819 403 3868 AEstuat
413 3815 506 3870 infelix
519 3828 631 3888 angusto
642 3817 670 3868 in
680 3816 763 3869 limite
775 3815 879 3869 mundi.
979 3810 984 3821 ⁸

116 3996 126 4025 ,
233 3935 278 3994 Cf.
294 3937 395 3994 Senec.
417 3938 512 4011 Epist.
527 3936 569 3991 ad
579 3937 671 3993 Lucil.
687 3938 790 4009 XCIV,
808 3939 857 3995 60.
874 3966 914 3978 -
924 3935 969 3990 De
983 3930 1084 4008 Benef.
1101 3936 1126 4006 1,
1143 3935 1191 3993 13.

234 4026 263 4082 l.
287 4025 330 4084 Cf.
346 4025 475 4100 Nisard.,
497 4029 595 4083 Pei-'tes
607 4031 658 4084 lar.
674 4029 712 4082 de
726 4029 756 4083 Ia
768 4028 871 4084 decad.
890 4046 898 4082 ε
914 4027 1036 4083 Juvenal
1048 4043 1083 4080 ou
1096 4028 1126 4080 la
1139 4023 1194 4079 de·

193 4116 356 4173 clamatiou.
470 4173 472 4178 y
863 4116 864 4120 ’
