2804 4980
519 364 715 446 ...39²-

119 550 184 600 sua
199 528 359 626 ipsorum
383 525 653 615 exercitatione,
666 513 710 596 'et
725 523 878 596 rhetoris
894 526 1117 599 emendatio-

119 637 227 710 nibus
242 635 544 732 dictionibusque.
562 640 605 706 At
620 634 807 705 rhetorum
832 634 891 705 alii
913 637 1003 734 pigri
1019 653 1122 710 erant

120 749 159 820 in
181 746 417 821 declamando
434 751 466 835 ¹3
496 746 554 818 alii
582 745 802 819 fastidiosam
819 747 1042 822 auditionem
1057 748 1121 821 de·

121 853 381 928 clamitantium
411 855 615 952 juvenum,
648 855 845 952 cademque
875 855 1016 927 assidue
1045 858 1122 929 sine

121 965 193 1038 ulla
222 965 486 1037 intermissione
511 965 802 1055 retractantium,
831 956 1059 1039 declinabant
1081 988 1124 1038 ac

121 1073 432 1171 dedignabantur:
453 1099 551 1166 nam,
570 1089 610 1145 ut
627 1075 677 1146 ait
700 1079 719 1146 J
723 1075 899 1148 uvenalis:

211 1245 336 1315 Occidit
349 1249 481 1316 miseros
497 1250 626 1317 crambe
637 1251 772 1341 repetita
787 1250 988 1340 magistros².

123 1420 289 1506 Quorum
303 1419 366 1490 nni
383 1417 480 1517 apud
499 1422 680 1490 Romanos
700 1417 827 1489 Porcio
844 1419 1013 1510 Latroni,
1029 1417 1127 1520 apud

121 1533 266 1602 Graecos
293 1530 443 1620 Nicetoe,
466 1551 580 1626 quum
604 1529 848 1603 declamarent
869 1529 937 1628 ipsi
960 1545 1132 1628 tantum,

123 1640 356 1738 dicerentque
375 1656 418 1710 so'
440 1666 512 1711 non
528 1666 605 1711 esre
627 1644 844 1738 magistros,
863 1640 928 1711 sed
939 1641 1124 1738 exemplo,

122 1752 162 1825 id
177 1754 326 1850 contigit
351 1767 392 1824 ut
415 1773 491 1822 non
519 1750 686 1822 audirent
712 1751 973 1823 declamantem
1002 1774 1127 1848 quem·

123 1889 213 1963 que,
232 1878 340 1960 atque
365 1877 404 1934 ut
429 1860 594 1961 discipuli
617 1887 689 1932 non
714 1860 837 1933 audiri
860 1860 1125 1957 desiderarent,

123 1972 189 2044 sad
198 1976 356 2044 contenti
368 1989 486 2044 essent
496 1971 653 2044 audiret
671 1973 775 2044 Unde
790 1973 828 2044 in
845 1997 913 2045 usu
928 1998 1005 2045 esse
1021 1972 1129 2072 coepit

125 2106 262 2155 nomen
283 2082 508 2175 auditorum,
529 2081 630 2179 quod
655 2083 773 2179 primo
791 2106 856 2181 per
871 2083 1129 2156 contumeliam

125 2217 148 2265 a
165 2192 410 2266 deridentibus
425 2192 600 2265 tributum
616 2206 691 2264 erat
706 2191 839 2264 horum
852 2190 1040 2264 rhetorum
1056 2193 1129 2287 dis7

125 2307 265 2406 cipulis.
295 2382 297 2386 .
1134 2316 1137 2321 ’

173 2417 329 2509 Materiae
359 2440 381 2487 a
406 2415 538 2489 scholis
562 2416 601 2487 iu
626 2413 785 2507 scholas,
803 2413 913 2486 vehati
929 2413 1129 2491 adventitiae

125 2551 279 2617 merces,
305 2526 601 2624 asportabantur3
632 2527 705 2598 sive
733 2523 976 2599 recolerentur
992 2528 1141 2602 veteres·

127 2653 164 2710 et
179 2662 202 2709 a
219 2638 348 2708 Grmcis
364 2636 583 2734 desumptae,
608 2638 681 2708 sive
698 2660 801 2707 novae
821 2635 868 2708 ab
894 2637 1033 2733 integro
1061 2627 1130 2711 lin-

128 2752 310 2846 gerentur,
326 2747 504 2820 veteribus
534 2748 763 2847 operosiores
790 2762 826 2818 et
854 2747 1050 2820 mirabilius
1067 2749 1131 2823 ali-

128 2859 217 2959 quid
241 2860 465 2958 praeferentes
498 2860 709 2957 argumenti.
740 2863 841 2929 Errat
857 2859 964 2956 igitur
979 2859 1009 2930 si
1026 2862 1128 2959 quia,

128 2971 298 3070 quianam
323 2969 391 3042 sub
421 2969 527 3041 unius
554 2969 804 3040 controversiae
819 2968 876 3041 rel
904 2971 1071 3043 suasoriae
1092 2966 1138 3046 tii

129 3081 228 3172 tulo,
256 3081 344 3178 quid
370 3105 447 3152 esse
471 3080 609 3152 dictum
635 3080 858 3170 meminerit,
887 3082 1060 3179 recolligit
1089 3096 1132 3157 at

130 3189 318 3288 perscribit
334 3193 381 3261 M.
401 3193 555 3280 Seneca,
574 3206 794 3262 conventum
818 3191 925 3262 luisse
947 3212 990 3263 an
1010 3195 1132 3267 conci-

131 3296 227 3374 lium*
251 3299 438 3398 quoddam
465 3299 654 3373 rhetorum
680 3302 860 3399 opinetur,
893 3302 931 3372 in
960 3325 1033 3397 quo
1056 3300 1140 3373 lime

134 3416 265 3504 omnia,
281 3414 375 3486 diota
391 3414 473 3484 sint.
493 3417 533 3487 ln
551 3439 628 3484 una·
639 3415 884 3486 controversia
897 3413 955 3485 tel
976 3415 1134 3486 suasoria

133 3542 218 3599 sunt
239 3525 515 3624 comprehensa,
541 3551 620 3623 quae
635 3541 671 3597 et
696 3524 792 3624 apud
818 3524 976 3595 diversos
1002 3523 1100 3595 schol
1120 3564 1134 3579 ·

135 3658 216 3709 rum
231 3637 358 3708 ooetur⁸
383 3649 419 3706 et
441 3634 588 3707 dirersis
607 3634 840 3735 ¹temporibus
855 3631 991 3705 audivit
1004 3634 1057 3704 tt·
1073 3626 1137 3705 Sen
1254 3695 1256 3700 .

177 3805 207 3861 l.
223 3799 355 3875 Quintil,
370 3800 410 3876 11,
425 3821 460 3873 11,
471 3804 500 3860 8.

177 3895 207 3951 a.
223 3895 287 3967 vu,
304 3893 372 3949 mr.

177 3984 208 4044 ἱ.
224 3984 265 4040 Μ.
279 3982 380 4039 Senot.
398 3981 537 4054 nonam„
550 3976 603 4038 tib.
617 3977 699 4060 vulg.
709 3979 761 4051 rt,
772 3980 821 4036 tt.

178 4074 208 4129 d.
225 4068 416 4144 Quintit.,11,
431 4088 474 4142 rx,
488 4071 518 4128 2'.
