2804 4980
596 373 792 444 ...42-

193 529 263 604 tur,
276 539 364 612 quas
379 515 488 587 theses
498 518 686 592 vocabant.
702 526 779 592 Hoc
789 521 885 592 enim
897 545 1008 617 genus
1021 525 1188 619 materiae,

194 651 268 726 quo
293 653 360 698 nos
387 654 604 724 exercemur,
631 632 721 706 adeo
742 658 878 704 novum
904 648 967 727 est,
992 649 1032 705 ut
1056 661 1191 709 nomen

194 766 338 839 quoque
355 741 429 838 ejus
441 768 578 815 novum
593 746 651 817 sit.
663 749 925 861 qontroversias
942 772 1009 818 nos
1025 747 1188 842 dicimus,

194 854 318 926 Cicero
335 880 462 927 causas
476 858 640 963 vocabat.
664 888 682 927 n
706 860 885 931 Continuo
907 860 983 932 haec
1004 861 1119 959 legere
1140 877 1194 934 est

194 967 240 1040 de
265 968 523 1043 declamatione
548 973 648 1071 ipsa:
678 1004 695 1040 ιι
715 973 819 1072 Apud
841 973 982 1044 nullum
1008 991 1193 1047 auctorem

195 1082 396 1179 antiquum,
409 1098 491 1156 ante
508 1087 628 1182 ipsum
645 1088 855 1159 Ciceronem
872 1101 907 1157 et
922 1085 1085 1175 Calvum,
1099 1089 1194 1159 inve-

195 1195 263 1266 niri
272 1209 402 1293 potest,
412 1198 474 1294 qui
482 1197 776 1270 declamationem
788 1199 984 1296 distinguit.
1004 1199 1060 1269 nit
1070 1201 1190 1271 enirn:

195 1307 402 1379 Declamare
412 1311 544 1405 estjam
557 1310 782 1381 mediocriter
796 1311 926 1381 dicere.
935 1315 1029 1381 Bene
1042 1309 1195 1380 alterum

195 1434 299 1517 putat
310 1420 513 1492 domesticae
529 1422 801 1514 exercitationis,
814 1423 966 1494 alterum
980 1447 1071 1493 verae
1088 1422 1196 1493 actio·

197 1535 282 1603 nis¹.
304 1563 322 1599 n
343 1534 537 1631 Equidem,
559 1559 604 1606 an
623 1537 737 1634 reipsa
752 1535 1049 1607 declamationem
1063 1535 1196 1606 Tullius

196 1671 318 1718 veram
348 1647 524 1718 actionem
555 1649 781 1743 existimarit,
808 1648 910 1720 valde
940 1648 1089 1739 dubit03
1121 1664 1197 1721 erat

196 1775 317 1832 tamen
332 1760 408 1831 haec
423 1786 515 1832 verae
532 1763 665 1833 actioni
682 1765 830 1860 propior
847 1786 889 1833 ac
902 1764 1063 1853 similior,
1083 1775 1197 1832 tanta·

198 1898 269 1970 que
294 1874 504 1968 eloquentiae
527 1874 743 1971 experientia
768 1873 881 1943 multo
905 1873 1059 1967 dignior,
1087 1894 1198 1969 quam

198 1985 350 2083 pueriles
365 1984 431 2055 illae
447 1999 483 2055 et
498 1986 684 2056 tirunculis
701 1983 999 2077 accommodatae,
1020 1996 1198 2082 quotquot

198 2113 413 2170 enumeratae
429 2113 512 2169 sunt
523 2123 543 2169 a
553 2097 757 2195 Tranquillo
771 2098 1049 2169 exercitationes.
1065 2099 1199 2166 Causas

170 2266 172 2275 .
198 2210 317 2307 igitur,
343 2236 431 2308 quas
455 2212 670 2284 declamasse
699 2211 829 2282 dicitur
853 2211 993 2303 Cicero,
1023 2222 1199 2306 quantum

199 2323 329 2396 distent
353 2325 398 2396 ab
418 2326 573 2421 antiquis
601 2327 693 2414 istis,
725 2349 803 2423 quae
830 2325 940 2394 theses
969 2321 1197 2414 dicebantur,

199 2439 567 2535 praeexercitamentis,
582 2438 716 2535 optime
728 2438 880 2533 quisquc
894 2433 1018 2524 sentit;
1035 2431 1135 2505 haud
1152 2433 1202 2505 ita

202 2549 304 2621 facile
320 2565 373 2622 est
388 2551 594 2646 intelligere,
615 2551 720 2648 quale
736 2551 780 2620 sit
796 2547 897 2639 illud,
921 2546 1021 2645 quod
1037 2561 1110 2618 tam
1125 2547 1201 2644 glo·

202 2664 299 2734 riosa
327 2663 509 2760 diligentia
530 2663 639 2757 jactat
665 2667 712 2733 M.
738 2664 889 2754 Seneca,
917 2686 1043 2731 causas
1059 2661 1152 2731 inter
1168 2670 1203 2730 et

204 2779 458 2848 controversias
474 2776 677 2848 discrimen.
697 2781 829 2847 Tamen
850 2774 949 2846 haud
972 2775 1046 2846 scio
1062 2798 1107 2845 an
1125 2799 1204 2844 cato

204 2893 254 2961 sis
270 2890 503 2963 tribuendum
519 2892 563 2963 sit
581 2890 617 2962 id
633 2890 733 2988 quod
754 2890 799 2962 de
822 2889 991 2961 veteribus
1008 2905 1204 2959 controver-

204 3005 267 3074 siis
284 3004 390 3077 refert
404 3004 648 3101 Tranquillus:
679 3035 695 3069 c
716 3007 860 3074 Veteres
875 3002 1127 3074 controversiae
1143 3014 1205 3070 aut

205 3142 248 3188 ex
263 3117 419 3189 historiis
436 3116 668 3188 trahebantur
685 3115 791 3212 (sicut
802 3140 886 3187 sane
901 3115 1082 3186 nonnullae
1092 3137 1206 3210 usquc

205 3229 355 3327 adhuc),
377 3244 439 3301 aut
461 3255 504 3300 ex
524 3230 671 3301 veritate
688 3253 731 3300 ac
753 3242 804 3322 re,
831 3231 861 3300 si
884 3253 956 3326 qua
973 3228 1064 3301 sorte
1082 3251 1206 3298 recens

205 3342 402 3433 accidisset.
436 3347 559 3439 ltaque
580 3342 745 3413 locorum
769 3341 876 3413 etiam
907 3337 1207 3440 appellationibus

207 3454 351 3552 adjectis
368 3455 525 3556 proponi
541 3455 718 3527 solebant.
731 3454 789 3525 Sic
806 3467 900 3526 certe
917 3454 1074 3525 collectae
1090 3449 1208 3522 editae-

207 3569 623 3666 qucsehabent....olim
633 3583 753 3640 autem
765 3591 824 3639 eas
836 3565 1073 3667 appellatione
1085 3566 1216 3634 Graeca'

207 3687 350 3762 συνθέσεις
367 3675 569 3753 vo'cabant:
590 3705 675 3752 mox
691 3680 946 3750 controversias
958 3674 1121 3773 quidem,
1144 3670 1208 3745 sed

209 3808 271 3865 aut
283 3794 397 3886 fictas
417 3808 479 3866 aut
497 3792 714 3892 judiciales&
733 3820 752 3861 n
781 3797 943 3865 Fortasse
958 3789 1064 3885 igitur
1079 3800 1207 3887 putan-

248 3990 279 4046 l.
296 3990 435 4060 controv,
449 3984 501 4044 lib.
514 3990 541 4061 Ι,
551 3983 636 4064 pras.

249 4080 279 4137 a.
294 4081 339 4135 ne
350 4080 393 4136 ru.
409 4077 495 4153 rtet,
507 4078 536 4135 r.
