2804 4980
595 367 787 435 ..Ίῖ-

194 528 229 585 et
257 513 447 611 aequalium
473 539 638 605 suorum,
662 514 792 610 quibus
814 513 889 609 Jam
914 513 1047 588 oblivio
1075 519 1195 589 immi·

192 627 320 716 nebat,
345 644 406 699 aut
427 653 582 725 quorum
598 627 674 698 laus
692 627 786 698 salsis
802 631 1068 700 commentariis
1084 633 1195 703 missa

195 756 270 813 erat
289 741 323 811 in
342 741 555 829 discrimen,
580 741 681 811 same
698 740 926 813 consuleret¹.
951 745 1019 829 Qui
1044 759 1082 815 ut
1099 745 1195 816 hanc

196 853 409 948 farraginem
421 854 583 950 undique
597 854 802 950 decerptam
816 870 1043 948 congereret,
1060 871 1196 953 quanta

195 968 229 1038 ei
257 993 332 1039 non
361 969 531 1065 patientia
559 967 667 1063 (nam
695 983 796 1038 tanto
818 969 919 1064 operi
939 971 1056 1067 impar
1081 970 1197 1042 suerat

195 1082 382 1178 patientia,
400 1082 471 1152 alio
488 1096 673 1151 momento
689 1081 896 1177 destituta),
917 1082 979 1152 sed
996 1099 1129 1179 quanta
1143 1086 1196 1154 in·

197 1193 399 1288 dulgentia,
425 1211 560 1291 quanto
580 1194 849 1265 declamationis
870 1195 967 1266 cultu
992 1221 1084 1294 opus
1108 1195 1192 1267 suit!

198 1310 328 1380 Omnia
349 1324 474 1405 tamen
502 1335 607 1380 suum
636 1308 769 1379 habent
798 1308 919 1380 finem.
949 1315 1027 1407 lpse
1051 1315 1099 1381 M.
1131 1315 1197 1382 Se-

197 1447 305 1510 neca,
325 1448 437 1517 quum
452 1422 497 1492 ad
513 1421 648 1491 calcem
672 1420 754 1491 libri
777 1421 940 1511 devenit,
968 1424 1134 1494 lassatum
1158 1449 1198 1494 se

197 1551 233 1607 et
249 1536 390 1607 fastidio
409 1551 584 1607 tentatum
604 1534 702 1606 haud
723 1551 848 1631 negat3
872 1536 969 1607 hunc
986 1537 1099 1635 pudet
1116 1551 1197 1607 tan·

197 1649 302 1737 dem,
330 1649 501 1746 quamdiu
523 1674 594 1718 non
620 1652 751 1719 seriam
777 1674 853 1720 rem
877 1655 980 1748 agust
996 1678 1004 1719 ε
1022 1650 1198 1722 babemus

198 1761 431 1834 confitentem
448 1789 562 1834 reum.
584 1768 626 1834 At
642 1764 686 1832 sit
702 1766 749 1832 M.
771 1766 914 1832 Senecae
929 1764 1034 1832 venia
1054 1791 1061 1830 :
1082 1786 1198 1857 quan·

199 1890 277 1945 tum
300 1892 446 1972 apparet
467 1901 508 1946 ex
530 1876 606 1968 ejus
626 1874 741 1961 libro,
766 1875 828 1969 qui
845 1874 921 1968 jam
945 1874 1020 1944 seni
1043 1873 1196 1963 excidit,

199 2002 275 2058 erat
289 2013 380 2058 unus
396 2012 415 2058 e
428 1987 714 2084 prudentissimis
729 1986 1042 2058 declamatoribus.
1063 1993 1201 2058 Focum

199 2100 334 2171 faciunt
360 2100 406 2170 illi
433 2101 646 2198 plerumque
671 2115 806 2170 veteres
833 2102 1017 2190 amicitiae,
1044 2117 1079 2172 et
1102 2126 1201 2171 com·

201 2239 329 2283 munes
353 2215 641 2300 exercitationes;
667 2214 855 2284 interdum.
871 2230 992 2285 tamen
1018 2214 1203 2311 improbat

203 2350 244 2397 ac
259 2327 372 2423 carpit
386 2352 467 2416 em,
485 2327 698 2423 quibuscum
712 2328 797 2396 vixit
810 2342 845 2396 et
859 2328 981 2397 sensit.
1003 2332 1062 2397 Est
1073 2352 1202 2397 sanum

203 2439 278 2534 ejus
292 2439 488 2534 judicium,
508 2465 583 2510 non
599 2439 744 2509 firmum
765 2467 772 2507 ι
793 2439 920 2509 eadem
937 2441 974 2508 in
993 2439 1069 2510 aliis
1083 2455 1200 2532 amat,

204 2551 242 2621 in
260 2551 336 2622 aliis
349 2551 444 2640 odit;
465 2551 591 2622 eadem
607 2550 676 2622 alia
688 2550 780 2620 hora
794 2552 947 2647 optima,
968 2551 1035 2621 alia
1049 2553 1206 2648 pessima

203 2688 280 2736 esse
305 2664 503 2736 contendit.
532 2669 669 2762 Anceps
695 2662 859 2734 videlicet
884 2679 992 2760 atque
1015 2664 1205 2736 distractus

203 2777 345 2849 videtur
366 2778 459 2848 inter
480 2778 693 2874 praeteritam
710 2777 970 2872 indulgentiam
987 2801 1028 2848 ac
1046 2777 1215 2875 praesen·v

204 2904 279 2960 tem
304 2891 529 2961 severitatem
550 2917 557 2959 :
578 2890 710 2961 scilicet
736 2889 957 2961 intellexerat
980 2892 1100 2961 senior
1122 2905 1207 2986 post

202 3003 414 3074 Ciceronem
439 3028 585 3100 pessum
611 3004 715 3073 ivisse
739 3002 1003 3098 eloquentiam,
1030 3019 1064 3074 et
1088 3001 1204 3094 mala,

201 3144 362 3214 quorum
380 3145 461 3217 pars
479 3145 555 3190 non
572 3143 701 3216 magna
717 3119 847 3208 fuerat,
867 3119 1063 3192 deliberato
1082 3123 1207 3193 animo

207 3231 461 3302 detestabatur.

255 3345 377 3428 Quum
389 3366 479 3438 puer
493 3365 515 3412 a
532 3342 761 3436 grammatico
777 3341 911 3411 litteras
928 3356 1018 3411 esset
1033 3340 1205 3433 edoctus,

206 3454 329 3525 adibat
354 3455 555 3544 rhetorem,
580 3470 618 3525 ut
640 3480 676 3525 se
697 3454 775 3524 foro
797 3468 832 3524 et
853 3453 1064 3550 eloquentiae
1088 3453 1208 3524 accin-

204 3581 315 3663 geret.
344 3571 454 3638 Erant
476 3569 590 3664 prima
614 3567 776 3663 quaedam
798 3566 896 3664 apud
920 3566 1100 3636 rhetorem
1120 3591 1209 3663 pro-

204 3695 470 3775 gymnasmata,
487 3680 619 3776 quibus
633 3693 672 3749 ut
687 3679 842 3750 multum
858 3679 1028 3776 temporis
1043 3705 1062 3750 a
1076 3679 1209 3752 Graecis

206 3792 424 3884 rhetoribus,
440 3794 490 3863 sic
504 3818 525 3864 a
537 3793 667 3893 Latinis
680 3793 868 3863 minimum
879 3791 1209 3888 tribuebatur,.quae

247 3992 276 4049 l.
297 3991 434 4063 Contrua,
448 3995 472 4064 1,
484 3988 568 4066 praef.

245 4087 275 4143 Ξ.
292 4082 380 4158 lbtd,
394 4084 444 4143 lib.
461 4084 541 4163 vulg.
553 4088 588 4156 V,
599 4081 681 4159 pras.
