2804 4980
503 389 672 480 ...5.-

91 551 217 637 utpote
233 536 294 634 qui
316 560 360 609 eo
384 560 496 633 usque
518 536 654 635 delapsi
674 536 764 628 sint,
784 550 824 607 ut
849 535 1086 610 humilitatem

92 675 192 721 suam
205 675 278 721 non
299 650 464 720 sentiant.

140 766 218 833 Mos
236 786 321 834 vero
339 761 562 833 declamandi
585 763 735 835 omnino
757 788 831 834 non
855 778 931 834 erat
948 786 1085 855 recens,

94 900 175 947 cum
195 877 270 973 ipsa
285 874 470 945 rhetorum
484 891 558 947 arte
569 891 707 947 tantum
724 900 798 947 non
814 891 968 947 exortus.
987 860 1092 973 Apud

94 991 236 1059 Graecos
258 989 373 1058 omnis
397 985 520 1059 rhetor
547 989 610 1078 iis,
636 1014 727 1086 quos
754 990 800 1061 ad
820 988 1014 1060 dicendum
1033 986 1092 1057 in-

94 1101 269 1191 struebat,
295 1101 432 1174 solebat
450 1102 613 1200 quaedam
630 1128 850 1200 proponere,
872 1100 1096 1200 quae-amplie

96 1215 242 1287 ficarent
259 1231 294 1286 et
311 1217 411 1288 omni
430 1214 623 1288 verborum
641 1215 737 1287 cultu
756 1229 993 1287 exornarent:
1015 1239 1094 1313 quae
1131 1291 1133 1295 ,

97 1329 306 1401 dicebantur
332 1333 480 1425 μελεταὶ,
510 1344 546 1400 et
574 1330 787 1426 eloquentiae
812 1332 1092 1428 προγυμνάσματα,

96 1442 252 1540 apologi,
282 1442 404 1530 chriae,
425 1444 624 1535 sententiae,
652 1443 719 1535 loci
733 1467 945 1529 communes,
968 1440 1090 1524 theses,

95 1554 304 1652 ethologioess
335 1569 402 1626 etc.
431 1560 513 1626 Haec
532 1557 654 1628 omnia
678 1581 724 1627 ne
750 1569 926 1626 noverant
948 1553 1096 1651 quidem

96 1681 232 1738 veteres
250 1671 494 1739 Romanorum
513 1684 686 1758 oratores,
701 1685 827 1740 natura
843 1669 951 1740 veluti
967 1668 1096 1764 magis·

97 1793 150 1849 tra
167 1779 297 1851 edocti.
318 1785 421 1870 Nam,
440 1795 481 1851 ut
496 1781 571 1878 ipse
589 1780 696 1852 fidem
717 1783 854 1866 Cicem,
875 1805 954 1851 sero
972 1779 1097 1850 admo-

98 1891 184 1962 dum
203 1892 416 1964 audiverunt
431 1892 594 1964 rhetores
612 1896 774 1984 Graecos,
796 1908 832 1964 et
849 1892 1015 1964 doctores
1034 1890 1099 1963 ad-

98 2005 324 2076 hibuerunt¹.

147 2121 300 2189 Venerat
317 2123 487 2209 Romam,
505 2121 632 2189 missus
649 2117 695 2188 ad
715 2132 879 2188 senatum
900 2118 945 2188 ab
965 2117 1095 2209 Attal0,

101 2233 221 2301 Crates
233 2229 432 2322 Malleotes3
454 2233 515 2329 qui
532 2256 645 2329 quum
663 2255 745 2302 crus
762 2230 933 2328 fregisset,
955 2245 990 2302 et
1005 2230 1099 2302 vale·

100 2343 224 2414 tudine
257 2344 488 2435 retineretur,
526 2344 696 2442 plurimas
729 2348 881 2442 ἀκροάσεις
916 2342 1014 2414 dedit
1042 2341 1100 2414 vel

101 2458 344 2552 grammaticas
362 2458 419 2530 vel
442 2459 664 2531 rhetoricas³.
692 2461 773 2529 Mox
795 2457 901 2554 legati
922 2455 968 2527 ab
992 2453 1099 2526 Athe·

100 2571 281 2643 niensibus
308 2587 378 2644 tres
408 2573 593 2671 sophistae,
624 2572 848 2644 academicus
874 2569 1098 2659 CarneadeS,
1125 2655 1129 2660 η
1221 2648 1223 2652 .

101 2686 232 2756 stoicus
255 2685 434 2781 Diogenes
456 2702 491 2757 et
516 2688 767 2785 peripateticus
792 2685 987 2773 Critolaus,
1012 2683 1101 2754 dum

102 2810 244 2867 senatus
258 2796 304 2867 de
315 2796 491 2894 legatione
508 2800 669 2895 ipsorum
688 2798 910 2887 deliberaret,
929 2822 985 2867 res
1002 2794 1101 2866 et‘de

102 2906 329 3007 philosophia
346 2925 381 2982 et
396 2911 442 2981 de
458 2911 637 2983 rhetorica
649 2925 724 2981 arte
735 2924 863 2981 tractas
877 2909 1101 3006 frequentem

102 3021 199 3118 apud
215 3024 389 3120 populum
407 3025 532 3122 saepius
550 3027 818 3122 exposuerunt⁴.
839 3022 904 3093 Alii
921 3022 1005 3093 inde
1022 3020 1103 3092 rbe-

144 3195 174 3248 l.
190 3192 324 3268 Quintil.,
339 3199 378 3264 II,
394 3200 425 3258 l.

145 3285 174 3341 2.
191 3287 340 3357 Brome,
351 3290 376 3359 I,
386 3287 683 3366 l.-hpudGraeeos
695 3285 792 3355 etiam,
801 3285 921 3344 florente
929 3284 1104 3343 lorensielo

104 3373 231 3449 quentia,
240 3373 301 3432 haec
311 3375 452 3448 juvenilia
464 3377 740 3455 proexereitamenta
747 3374 910 3434 scholarum
923 3374 1010 3433 limen
1024 3373 1105 3432 haud

105 3461 241 3520 videntur
253 3467 435 3544 superavisse
450 3488 456 3522 z
473 3468 545 3540 baec,
562 3479 593 3524 ut
605 3464 760 3524 verisimile
775 3478 834 3538 est,
851 3485 911 3522 non
933 3464 1023 3522 multo
1038 3475 1109 3522 ante·

105 3552 283 3612 Demetrium
293 3555 434 3615 Phalerea
446 3555 525 3634 apud
534 3569 662 3614 maturos
672 3555 751 3613 viros
760 3553 999 3632 percrebuerunt,
1008 3571 1110 3631 neque

106 3639 137 3697 in
155 3639 189 3697 iis
209 3661 385 3704 consenuere
406 3644 552 3718 Pericles,
574 3645 801 3717 Demosthenes,
816 3643 974 3703 AEschines.
993 3669 1007 3697 a
1027 3649 1109 3701 Tunc

107 3730 180 3784 enim
194 3749 247 3785 non
262 3734 441 3792 declamandi
456 3736 579 3792 studium
598 3748 693 3793 erat.»
710 3738 789 3809 (Seu.
802 3737 946 3805 concr.,1,
962 3736 1050 3808 8.)-
1058 3731 1106 3792 Cf.

107 3817 241 3892 Quintil.,
256 3823 341 3896 11,t,
356 3828 406 3882 ll.
421 3823 561 3897 -Infr.,
577 3843 608 3902 p.
623 3827 672 3883 ll.

147 3909 175 3966 3.
193 3911 271 3968 Ann.
289 3915 345 3971 585
363 3917 401 3972 U.
428 3916 549 3988 c.,169
570 3926 629 3972 ant.
644 3919 671 3973 J.
691 3918 723 3976 C.
740 3947 780 3960 -
802 3912 1102 3974 cs.Sueton.ne1u.

102 4019 222 4078 gramm
237 4004 276 4062 H.

145 4091 175 4148 r.
193 4091 269 4150 sun.
286 4094 344 4152 sos
357 4094 395 4153 n.
410 4096 457 4168 c,
471 4097 528 4154 no
541 4107 600 4156 ant.
612 4099 640 4153 r.
654 4097 736 4155 c-
748 4095 791 4157 cr.
803 4093 846 4167 th.
880 4159 884 4166 ,
