2804 4980
601 417 655 458 ·-
678 383 720 473 'tt
752 443 801 457 -

251 554 373 642 Qualis
389 566 476 625 tunc
491 565 566 625 erat
576 552 636 625 illa
649 551 900 625 declamitandi
915 553 1035 625 ratio?
1059 558 1198 628 Nomen

202 669 339 768 ipsum,
365 665 465 764 quod
493 663 669 762 ejusmodi
692 662 1000 738 exercitationibus
1024 655 1199 741 indictum

202 780 280 869 suit,
299 803 437 850 novum
451 793 537 871 erat,
560 789 691 876 etpost
708 779 917 849 Ciceronem
935 793 1079 868 natum,
1099 795 1139 852 ut
1155 806 1199 852 ex

200 917 244 964 eo
269 891 514 964 intelleximus.
543 894 634 962 Cum
660 889 807 960 nomine
830 904 949 960 autem
970 903 1005 960 et
1026 907 1199 965 novatum

200 1029 277 1077 esse
302 1004 434 1101 aliquid
460 1004 496 1074 in
521 1002 708 1074 exercendi
733 1003 859 1095 modo,
896 1002 978 1073 satis
1008 1004 1198 1077 verisimile

201 1133 265 1190 est.
276 1122 343 1188 Pro
352 1132 448 1188 certo
464 1118 586 1188 saltem
594 1129 757 1187 tenemus
768 1115 965 1186 adhibitam
977 1115 1081 1186 luisse
1095 1116 1131 1187 in
1142 1117 1197 1188 his

199 1230 561 1302 commentationibus
572 1254 736 1326 magnam
748 1229 967 1326 varietatem,
983 1252 1112 1326 easque
1122 1254 1196 1302 non

199 1343 342 1416 casdem
358 1345 527 1415 mansisse
542 1355 728 1443 perpetuo.
742 1342 777 1412 Si
788 1342 1032 1438 Tranquillum
1042 1342 1194 1436 adimus,

198 1454 369 1528 admonet
385 1480 452 1527 nos
476 1487 493 1522 (ι
512 1456 688 1527 rationem
706 1453 849 1525 dicendi
868 1478 934 1524 nec
950 1479 1060 1525 unam
1081 1456 1197 1527 omni·

197 1567 279 1661 bus,
288 1595 355 1640 nec
365 1569 679 1665 singulisuamdem
688 1592 829 1667 semper
838 1568 954 1638 fuisse.
968 1569 1198 1644 Nametdicta

197 1683 376 1779 praeclare,
398 1708 462 1783 per
478 1701 603 1754 omnes
621 1681 763 1778 figuras,
776 1706 839 1780 per
856 1706 957 1753 casus
974 1696 1010 1752 et
1025 1684 1197 1789 apologos

196 1796 298 1867 aliter
327 1822 525 1897 exponere,
561 1811 593 1866 et
629 1796 850 1867 narrationes
875 1808 951 1866 tum
979 1795 1135 1867 breviter
1162 1812 1198 1869 et

196 1933 330 2007 presse,
350 1922 426 1980 tum
444 1909 547 1980 latius
565 1923 600 1980 et
612 1907 759 1985 uberius
770 1909 945 2006 explicare
959 1925 1194 1981 consuerant:

197 2020 377 2092 interdurn
404 2024 608 2092 Graecorum
637 2022 767 2119 scripta
792 2037 1011 2111 convertere,
1039 2047 1081 2095 ac
1101 2023 1198 2096 viros

195 2132 348 2204 illustres
363 2132 510 2205 laudare
526 2135 582 2205 vel
596 2135 798 2230 vituperare
815 2161 823 2223 3
843 2134 1006 2230 quaedam
1027 2136 1133 2206 etiam
1150 2134 1198 2208 ad

195 2269 302 2317 usum
319 2248 521 2318 communis
539 2247 616 2319 vitae
631 2247 804 2334 instituta,
823 2261 897 2317 tum
913 2248 1011 2318 utilia
1028 2262 1062 2319 et
1078 2272 1199 2322 neces·

98 2431 99 2434 ,
195 2359 298 2451 saria,
326 2374 404 2430 turn
429 2360 629 2457 perniciosa
650 2374 686 2430 et
706 2383 968 2456 supervacanea
985 2361 1194 2455 ostendere3

193 2494 286 2569 saepe
311 2472 438 2544 sabulis
458 2470 568 2546 fidem
591 2472 746 2564 firmare,
772 2486 834 2544 aut
848 2472 1005 2544 historiis
1028 2473 1194 2571 demere3

129 2619 133 2626 ·
193 2585 294 2684 quod
319 2611 429 2682 genus
452 2592 547 2668 θέσεις
571 2601 606 2658 et
629 2587 796 2668 ἀνασκευὰς
818 2601 853 2657 et
870 2588 1059 2669 κατασκευὰς
1084 2589 1198 2659 Graeci

192 2715 337 2791 vocant,
357 2700 474 2771 donec
490 2701 618 2771 sensim
636 2699 712 2771 lraec
728 2700 970 2791 exoleverunt,
991 2714 1026 2770 et
1044 2702 1089 2771 ad
1106 2726 1195 2772 con-

193 2813 402 2884 troversiam
419 2827 565 2883 ventum
591 2816 676 2883 est¹.
700 2842 717 2877 x
747 2817 800 2903 tt,
825 2812 1110 2884 mediumncsuit
1129 2814 1197 2885 ali-

194 2923 283 3020 quid
308 2925 400 2996 inter
424 2930 532 3009 θέσεις,
553 2947 631 3022 quae
647 2938 728 2995 ante
752 2925 976 3014 Ciceronem,
1005 2939 1040 2996 et
1055 2942 1196 2997 contro·

194 3039 336 3125 verrius,
356 3062 434 3135 quae
447 3053 527 3136 post
545 3038 754 3109 Ciceronem
771 3036 937 3136 expositae
953 3037 1059 3108 sunt?
1083 3038 1194 3109 Silent

189 3148 415 3244 Tranquillus
431 3165 467 3220 et
484 3149 632 3241 Fabius,
654 3161 802 3220 autnon
826 3148 975 3218 omnino
999 3147 1193 3218 assentiun-

191 3271 268 3353 tur,
286 3284 445 3332 annuere
460 3261 600 3332 videtur
617 3265 663 3331 M.
681 3265 720 3331 Α.
740 3263 893 3332 Seneca:
928 3292 945 3327 «
965 3258 1193 3332 Declamabat

190 3374 330 3462 Cicero,
354 3398 427 3445 non
457 3376 581 3472 quales
609 3398 706 3444 nunc
739 3375 993 3444 controuersias
1025 3363 1198 3463 dicimus,

177 3509 260 3580 ,nec
274 3487 363 3559 tales
379 3486 544 3585 quidem,
564 3486 687 3584 quales
702 3499 785 3557 ante
801 3487 1008 3558 Ciceronem
1026 3485 1191 3557 diceban·

232 3758 261 3821 1,
278 3760 399 3814 Declar.
413 3758 497 3830 rheu,
514 3759 541 3813 l.
559 3756 693 3815 -Haud
705 3756 789 3815 aliter
801 3760 841 3815 M.
854 3759 887 3814 F.
903 3754 1022 3829 Quintil.
1039 3756 1121 3827 (lust.
1131 3777 1186 3836 or.,

190 3839 230 3916 11,
246 3846 276 3916 l,
293 3847 342 3917 ll)
358 3867 363 3901 :
385 3873 397 3896 «ι
415 3844 549 3904 Fictasad
564 3845 752 3903 imitationem
773 3845 828 3902 luri
841 3843 1081 3921 consiliorumque
1096 3852 1187 3902 matess

190 3931 247 3991 rias
256 3931 333 4010 apud
348 3935 462 3991 Graecos
474 3933 581 4005 dicere,
596 3935 672 3992 circa
687 3933 862 3993 Demetrium
878 3932 1015 3992 Phalerea
1026 3931 1186 4000 institutum

189 4022 250 4080 lere
279 4033 440 4084 constat...
465 4023 581 4081 Latinos
604 4043 675 4082 vero
698 4022 811 4083 dicendi
833 4035 1024 4103 praeceptores
1050 4020 1187 4093 extremis

187 4115 221 4172 L.
237 4111 331 4172 Crassi
344 4111 521 4190 temporibus
534 4112 634 4173 Cicero
645 4125 745 4172 auctor
758 4125 883 4173 est....'·
