2804 4980
625 404 675 420 ..
698 360 723 437 κ,
747 404 797 420 .-

205 519 451 590 Romanorum
469 515 691 612 eloquentia,
707 514 770 587 ubi
790 514 921 587 forensi
936 514 1014 586 luce
1028 529 1063 586 et
1085 517 1202 613 quoti·

206 627 313 700 diana
339 626 570 698 contentione
596 627 764 699 destituta
790 642 858 718 est,
886 627 922 698 in
948 628 1200 724 nescioquam

206 739 383 836 garrulam
400 737 597 828 infantiam,
617 737 737 808 nescio
759 737 858 835 quod
875 736 1057 808 nudorum
1073 736 1202 808 verbo-

203 872 286 921 rum
304 845 497 943 aucupium
518 846 708 935 deciderit3
728 846 824 917 unde
850 848 991 943 penitus
1016 847 1203 919 immutata

194 948 249 1031 'sil
261 959 383 1030 Latina
397 958 524 1049 oratio,
539 973 575 1029 et
592 958 781 1029 delicatum
795 957 980 1056 quoddam
992 974 1098 1058 atque
1116 982 1203 1055 ope·

204 1095 328 1155 rosum
335 1069 478 1141 dicendi
486 1094 609 1166 genus,
621 1084 827 1167 contempta
834 1069 1013 1141 Ciceronis
1021 1069 1198 1160 famudia,

205 1203 332 1252 omnes
348 1196 383 1252 et
399 1196 558 1254 oratores
571 1197 607 1255 et
623 1181 858 1281 philosophos
875 1195 910 1252 et
925 1194 1049 1278 poetas
1062 1183 1098 1252 in
1116 1206 1203 1281 pos-

204 1306 322 1364 terum
335 1293 508 1367 infecerit.
1079 1321 1081 1325 ·

252 1400 357 1472 Haud
384 1403 461 1472 sine
485 1403 565 1498 jure
594 1402 664 1473 dici
690 1414 827 1500 potest,
858 1414 897 1471 ut
924 1399 1203 1472 Demosthenem

205 1506 305 1599 olim,
315 1510 366 1580 sic
381 1513 429 1580 M.
443 1511 595 1583 Tullium
610 1526 646 1582 et
654 1511 812 1608 primum
828 1509 970 1606 ingenio
988 1524 1023 1580 et
1040 1524 1203 1609 tempore
1228 1603 1231 1609 .

204 1634 428 1718 postremum
445 1623 617 1694 exstitisse
635 1623 783 1693 civitatis
803 1646 874 1692 suae
893 1637 1074 1693 oratorem
1094 1650 1102 1693 ε
1124 1639 1205 1720 post

205 1755 314 1828 quem
325 1733 537 1804 exstinctum
554 1734 612 1804 vix
629 1758 722 1804 unus
739 1749 774 1804 et
789 1733 879 1803 alter
901 1735 1052 1804 oratoris
1068 1759 1201 1804 nomen

197 1839 384 1931 affectant,
401 1841 534 1913 famam
551 1866 625 1912 non
641 1855 891 1938 assequuntur.
907 1840 1016 1911 Nullae
1032 1840 1129 1938 apud
1139 1865 1205 1940 po-

205 1951 332 2050 pulum
357 1953 550 2023 conciones
572 1950 767 2042 habentur,
791 1975 865 2022 non
894 1952 942 2024 ita
965 1952 1083 2022 multae
1108 1952 1205 2050 apud

206 2077 370 2134 senatum
388 2065 580 2135 orationes.
600 2062 786 2160 Quidquid
802 2077 963 2160 superest
979 2063 1202 2162 eloquentiae,

207 2172 301 2243 circa
329 2175 530 2244 triumviros
558 2187 619 2245 aut
642 2174 874 2243 centumviros
900 2188 1069 2244 versatur.
1089 2170 1206 2243 Floret

207 2297 340 2376 tamen,
360 2299 400 2355 ut
414 2310 525 2381 quum
538 2284 705 2374 maxime,
717 2283 929 2380 eloquentiae
945 2282 1116 2353 studium.
1137 2282 1207 2350 Sci·

207 2392 290 2465 licet
312 2394 392 2492 plus
420 2397 483 2466 otii
513 2394 612 2466 dedit
636 2394 849 2491 respublica,
870 2395 974 2464 unius
990 2393 1093 2465 lacta.
1114 2397 1205 2462 Pro-

207 2499 314 2595 fecto,
329 2504 359 2574 si
375 2503 422 2574 ad
436 2502 679 2600 eloquentiam
690 2502 961 2600 provehendam
978 2501 1101 2574 efficax
1117 2514 1207 2572 esset

171 2671 173 2675 ,
207 2614 357 2709 longum
379 2615 633 2713 placidumque
659 2614 830 2705 studium,
852 2614 940 2712 quid
963 2613 1103 2686 obesset
1119 2613 1206 2710 quin

204 2723 281 2821 jam
297 2738 333 2794 et
348 2723 588 2795 Demosthene
613 2738 649 2796 et
671 2725 842 2796 Cicerone
865 2725 1017 2820 majores
1037 2748 1205 2820 exsurge-

209 2848 290 2906 rent
306 2834 489 2906 oratores?
507 2838 702 2930 Exsurgent
719 2836 970 2907 tantummodo
991 2837 1054 2934 qui
1072 2850 1203 2907 utrum·

208 2970 281 3043 que
297 2945 510 3043 despicient,
531 2960 684 3041 utroque
700 2970 738 3016 se
754 2945 860 3040 longe
882 2944 1107 3015 facundiores
1131 2967 1207 3013 esse

208 3055 488 3143 arbitrabuntur,
503 3070 536 3125 et
546 3055 607 3151 qui
616 3055 768 3151 posteris
777 3069 838 3124 aut
847 3054 983 3124 nullam
993 3068 1053 3125 aut
1063 3070 1207 3124 tenuem

91 3226 96 3241 .
210 3184 273 3240 aut
283 3167 470 3238 ridiculam
482 3165 686 3263 relinquent
700 3167 855 3236 nominis
869 3165 1018 3258 famam3
1037 3167 1104 3236 viri
1122 3165 1208 3262 qui-

211 3278 295 3350 dem
313 3277 414 3348 omni
437 3276 623 3367 rhetorum
649 3275 836 3374 disciplina
852 3276 994 3366 imbuti,
1010 3293 1045 3349 et
1062 3278 1205 3348 univer-

212 3414 289 3462 sam
315 3401 428 3460 artem
445 3385 695 3486 percallentes,
715 3386 803 3457 alius
828 3386 1016 3483 cujuslibet
1038 3387 1208 3458 doctrinae

212 3500 424 3600 plerumque
443 3511 627 3594 expertes3
645 3495 708 3593 qni
732 3520 806 3567 non
835 3494 1036 3567 transibunt
1056 3495 1206 3585 scholas,

214 3610 278 3684 sed
291 3611 327 3681 in
337 3610 379 3680 iis
388 3606 726 3695 commorabuntur,
738 3607 852 3705 iisque
862 3606 1083 3678 inhaerebunt
1092 3607 1208 3679 decla-

199 3708 393 3812 'mitantea
411 3745 485 3793 non
503 3719 578 3816 jam
594 3720 855 3791 exercitationis
872 3719 1002 3816 gratia,
1022 3719 1085 3791 sed
1111 3723 1211 3817 quasi

214 3834 273 3906 ille
290 3857 374 3904 suus
385 3831 430 3904 sit
441 3831 491 3902 eis
504 3831 583 3901 vitae
598 3828 869 3928 studiorumque
878 3828 970 3922 linis,
985 3830 1073 3928 quid
1083 3829 1209 3929 plura?

214 3941 468 4014 declamatores
477 3939 688 4010 sclrolascici.
700 3940 757 4011 Sic
773 3940 870 4011 enim
886 3964 924 4011 se
939 3940 1007 4038 ipsi
1021 3962 1209 4037 nuncupa-

215 4055 329 4148 bunt,
354 4055 442 4127 citra
473 4078 619 4125 omnem
646 4053 894 4129 imbecillitatis
922 4052 1205 4142 confessionem3
