<?xml version="1.0" encoding="UTF-8"?>
<!DOCTYPE html PUBLIC "-//W3C//DTD XHTML 1.0 Transitional//EN"
    "http://www.w3.org/TR/xhtml1/DTD/xhtml1-transitional.dtd">
<html xmlns="http://www.w3.org/1999/xhtml" xml:lang="en" lang="en">
 <head>
  <title>
</title>
<meta http-equiv="Content-Type" content="text/html;charset=utf-8" />
  <meta name='ocr-system' content='tesseract 3.04.00' />
  <meta name='ocr-capabilities' content='ocr_page ocr_carea ocr_par ocr_line ocrx_word'/>
</head>
<body>
  <div class='ocr_page' id='page_1' title='image "./decorruptapostc00chasgoog_0025.png"; bbox 0 0 2804 4980; ppageno 0'>
   <div class='ocr_carea' id='block_1_1' title="bbox 603 335 800 414">
    <p class='ocr_par' dir='ltr' id='par_1_1' title="bbox 603 335 800 414">
     <span class='ocr_line' id='line_1_1' title="bbox 603 335 800 414; baseline 0.041 -8"><span class='ocrx_word' id='word_1_1' title='bbox 603 335 800 414; x_wconf 66' lang='lat' dir='ltr'>-tt—</span> 
     </span>
    </p>
   </div>
   <div class='ocr_carea' id='block_1_2' title="bbox 196 485 1198 1039">
    <p class='ocr_par' dir='ltr' id='par_1_2' title="bbox 196 485 1198 1039">
     <span class='ocr_line' id='line_1_2' title="bbox 196 485 1198 584; baseline -0.001 -25"><span class='ocrx_word' id='word_1_2' title='bbox 196 487 415 577; x_wconf 70' lang='lat' dir='ltr'>mendosum</span> <span class='ocrx_word' id='word_1_3' title='bbox 435 487 480 559; x_wconf 88' lang='lat' dir='ltr'>sit</span> <span class='ocrx_word' id='word_1_4' title='bbox 496 510 538 557; x_wconf 85' lang='lat' dir='ltr'>ac</span> <span class='ocrx_word' id='word_1_5' title='bbox 558 485 710 584; x_wconf 81' lang='lat' dir='ltr'>puerile,</span> <span class='ocrx_word' id='word_1_6' title='bbox 740 485 846 557; x_wconf 87' lang='lat' dir='ltr'>nobis</span> <span class='ocrx_word' id='word_1_7' title='bbox 862 487 1017 583; x_wconf 83' lang='lat' dir='ltr'>aperiet3</span> <span class='ocrx_word' id='word_1_8' title='bbox 1038 512 1198 584; x_wconf 73' lang='lat' dir='ltr'>quorum</span> 
     </span>
     <span class='ocr_line' id='line_1_3' title="bbox 198 598 1198 700; baseline 0.005 -28"><span class='ocrx_word' id='word_1_9' title='bbox 198 627 312 700; x_wconf 88' lang='lat' dir='ltr'>quum</span> <span class='ocrx_word' id='word_1_10' title='bbox 329 625 385 673; x_wconf 90' lang='lat' dir='ltr'>ars</span> <span class='ocrx_word' id='word_1_11' title='bbox 405 599 522 671; x_wconf 90' lang='lat' dir='ltr'>omnis</span> <span class='ocrx_word' id='word_1_12' title='bbox 542 598 579 671; x_wconf 94' lang='lat' dir='ltr'>in</span> <span class='ocrx_word' id='word_1_13' title='bbox 600 598 838 671; x_wconf 87' lang='lat' dir='ltr'>minutissima</span> <span class='ocrx_word' id='word_1_14' title='bbox 859 614 1034 699; x_wconf 84' lang='lat' dir='ltr'>praecepta</span> <span class='ocrx_word' id='word_1_15' title='bbox 1061 600 1198 700; x_wconf 83' lang='lat' dir='ltr'>digesta</span> 
     </span>
     <span class='ocr_line' id='line_1_4' title="bbox 198 711 1198 816; baseline 0.001 -29"><span class='ocrx_word' id='word_1_16' title='bbox 198 713 255 801; x_wconf 84' lang='lat' dir='ltr'>sit,</span> <span class='ocrx_word' id='word_1_17' title='bbox 276 713 376 816; x_wconf 93' lang='lat' dir='ltr'>quod</span> <span class='ocrx_word' id='word_1_18' title='bbox 391 714 610 812; x_wconf 85' lang='lat' dir='ltr'>praecipuum</span> <span class='ocrx_word' id='word_1_19' title='bbox 626 726 679 783; x_wconf 91' lang='lat' dir='ltr'>est</span> <span class='ocrx_word' id='word_1_20' title='bbox 695 726 731 782; x_wconf 90' lang='lat' dir='ltr'>et</span> <span class='ocrx_word' id='word_1_21' title='bbox 745 711 859 810; x_wconf 81' lang='lat' dir='ltr'><strong>ipsam</strong></span> <span class='ocrx_word' id='word_1_22' title='bbox 877 713 1087 810; x_wconf 75' lang='lat' dir='ltr'>eloquentiae</span> <span class='ocrx_word' id='word_1_23' title='bbox 1099 741 1198 789; x_wconf 87' lang='lat' dir='ltr'>sum·</span> 
     </span>
     <span class='ocr_line' id='line_1_5' title="bbox 198 823 1195 924; baseline 0.007 -26"><span class='ocrx_word' id='word_1_24' title='bbox 198 851 297 899; x_wconf 89' lang='lat' dir='ltr'>mam</span> <span class='ocrx_word' id='word_1_25' title='bbox 328 827 525 924; x_wconf 79' lang='lat' dir='ltr'>neglexere.</span> <span class='ocrx_word' id='word_1_26' title='bbox 559 823 767 895; x_wconf 85' lang='lat' dir='ltr'>«Dividunt</span> <span class='ocrx_word' id='word_1_27' title='bbox 794 825 891 897; x_wconf 90' lang='lat' dir='ltr'>enim</span> <span class='ocrx_word' id='word_1_28' title='bbox 919 840 1033 897; x_wconf 89' lang='lat' dir='ltr'>totam</span> <span class='ocrx_word' id='word_1_29' title='bbox 1057 850 1134 901; x_wconf 90' lang='lat' dir='ltr'>reru</span> <span class='ocrx_word' id='word_1_30' title='bbox 1156 827 1195 905; x_wconf 86' lang='lat' dir='ltr'>itt</span> 
     </span>
     <span class='ocr_line' id='line_1_6' title="bbox 199 935 1197 1039; baseline -0.001 -27"><span class='ocrx_word' id='word_1_31' title='bbox 199 938 288 1012; x_wconf 87' lang='lat' dir='ltr'>duas</span> <span class='ocrx_word' id='word_1_32' title='bbox 303 954 435 1038; x_wconf 86' lang='lat' dir='ltr'>partes,</span> <span class='ocrx_word' id='word_1_33' title='bbox 457 939 495 1009; x_wconf 91' lang='lat' dir='ltr'>in</span> <span class='ocrx_word' id='word_1_34' title='bbox 512 962 624 1009; x_wconf 68' lang='lat' dir='ltr'>causae</span> <span class='ocrx_word' id='word_1_35' title='bbox 639 935 917 1039; x_wconf 87' lang='lat' dir='ltr'>controversiam</span> <span class='ocrx_word' id='word_1_36' title='bbox 936 951 971 1007; x_wconf 93' lang='lat' dir='ltr'>et</span> <span class='ocrx_word' id='word_1_37' title='bbox 986 937 1024 1009; x_wconf 91' lang='lat' dir='ltr'>in</span> <span class='ocrx_word' id='word_1_38' title='bbox 1039 942 1197 1036; x_wconf 66' lang='lat' dir='ltr'>quastio-</span> 
     </span>
    </p>
   </div>
   <div class='ocr_carea' id='block_1_3' title="bbox 140 1048 1198 3752">
    <p class='ocr_par' dir='ltr' id='par_1_3' title="bbox 140 1048 1198 3752">
     <span class='ocr_line' id='line_1_7' title="bbox 199 1048 1198 1152; baseline -0.002 -26"><span class='ocrx_word' id='word_1_39' title='bbox 199 1050 750 1152; x_wconf 81' lang='lat' dir='ltr'>nis.....quaest1&#39;0nemappellant,</span> <span class='ocrx_word' id='word_1_40' title='bbox 761 1074 838 1142; x_wconf 85' lang='lat' dir='ltr'>rem</span> <span class='ocrx_word' id='word_1_41' title='bbox 847 1048 1000 1147; x_wconf 88' lang='lat' dir='ltr'>positam</span> <span class='ocrx_word' id='word_1_42' title='bbox 1010 1050 1047 1121; x_wconf 90' lang='lat' dir='ltr'>in</span> <span class='ocrx_word' id='word_1_43' title='bbox 1056 1052 1198 1125; x_wconf 84' lang='lat' dir='ltr'>infinita</span> 
     </span>
     <span class='ocr_line' id='line_1_8' title="bbox 199 1162 1198 1264; baseline 0.002 -25"><span class='ocrx_word' id='word_1_44' title='bbox 199 1167 434 1239; x_wconf 82' lang='lat' dir='ltr'>dubitatione.</span> <span class='ocrx_word' id='word_1_45' title='bbox 442 1171 497 1236; x_wconf 85' lang='lat' dir='ltr'>De</span> <span class='ocrx_word' id='word_1_46' title='bbox 507 1190 613 1237; x_wconf 82' lang='lat' dir='ltr'>causa</span> <span class='ocrx_word' id='word_1_47' title='bbox 623 1177 797 1263; x_wconf 85' lang='lat' dir='ltr'>praecepta</span> <span class='ocrx_word' id='word_1_48' title='bbox 810 1163 909 1252; x_wconf 89' lang='lat' dir='ltr'>dant,</span> <span class='ocrx_word' id='word_1_49' title='bbox 921 1162 966 1235; x_wconf 91' lang='lat' dir='ltr'>de</span> <span class='ocrx_word' id='word_1_50' title='bbox 978 1163 1088 1238; x_wconf 89' lang='lat' dir='ltr'>altera</span> <span class='ocrx_word' id='word_1_51' title='bbox 1096 1183 1198 1264; x_wconf 84' lang='lat' dir='ltr'>parte</span> 
     </span>
     <span class='ocr_line' id='line_1_9' title="bbox 198 1279 1196 1365; baseline 0.001 -12"><span class='ocrx_word' id='word_1_52' title='bbox 198 1279 342 1353; x_wconf 91' lang='lat' dir='ltr'>dicendi</span> <span class='ocrx_word' id='word_1_53' title='bbox 370 1280 501 1351; x_wconf 87' lang='lat' dir='ltr'>mirum</span> <span class='ocrx_word' id='word_1_54' title='bbox 526 1279 705 1351; x_wconf 86' lang='lat' dir='ltr'>silentium</span> <span class='ocrx_word' id='word_1_55' title='bbox 727 1281 806 1349; x_wconf 85' lang='lat' dir='ltr'>est¹.</span> <span class='ocrx_word' id='word_1_56' title='bbox 827 1308 844 1342; x_wconf 76' lang='lat' dir='ltr'>u</span> <span class='ocrx_word' id='word_1_57' title='bbox 874 1279 984 1365; x_wconf 81' lang='lat' dir='ltr'>Quasi</span> <span class='ocrx_word' id='word_1_58' title='bbox 1006 1304 1092 1351; x_wconf 91' lang='lat' dir='ltr'>vero</span> <span class='ocrx_word' id='word_1_59' title='bbox 1120 1306 1196 1355; x_wconf 87' lang='lat' dir='ltr'>nou</span> 
     </span>
     <span class='ocr_line' id='line_1_10' title="bbox 198 1391 1197 1491; baseline 0.002 -26"><span class='ocrx_word' id='word_1_60' title='bbox 198 1392 407 1465; x_wconf 89' lang='lat' dir='ltr'>obversetur</span> <span class='ocrx_word' id='word_1_61' title='bbox 416 1392 557 1488; x_wconf 88' lang='lat' dir='ltr'>cuique,</span> <span class='ocrx_word' id='word_1_62' title='bbox 570 1393 607 1461; x_wconf 90' lang='lat' dir='ltr'>in</span> <span class='ocrx_word' id='word_1_63' title='bbox 618 1391 718 1461; x_wconf 89' lang='lat' dir='ltr'>omni</span> <span class='ocrx_word' id='word_1_64' title='bbox 734 1392 987 1481; x_wconf 86' lang='lat' dir='ltr'>controversia,</span> <span class='ocrx_word' id='word_1_65' title='bbox 1005 1392 1073 1464; x_wconf 88' lang='lat' dir='ltr'>ista</span> <span class='ocrx_word' id='word_1_66' title='bbox 1088 1419 1197 1491; x_wconf 87' lang='lat' dir='ltr'>quam</span> 
     </span>
     <span class='ocr_line' id='line_1_11' title="bbox 198 1502 1195 1602; baseline 0.005 -27"><span class='ocrx_word' id='word_1_67' title='bbox 198 1505 340 1601; x_wconf 87' lang='lat' dir='ltr'>lugiunt</span> <span class='ocrx_word' id='word_1_68' title='bbox 359 1506 560 1602; x_wconf 65' lang='lat' dir='ltr'>questionis</span> <span class='ocrx_word' id='word_1_69' title='bbox 582 1503 723 1575; x_wconf 88' lang='lat' dir='ltr'>infinita</span> <span class='ocrx_word' id='word_1_70' title='bbox 738 1502 927 1575; x_wconf 87' lang='lat' dir='ltr'>dubitatio.</span> <span class='ocrx_word' id='word_1_71' title='bbox 946 1505 1016 1577; x_wconf 90' lang='lat' dir='ltr'>Sed</span> <span class='ocrx_word' id='word_1_72' title='bbox 1033 1532 1140 1602; x_wconf 87' lang='lat' dir='ltr'>quem</span> <span class='ocrx_word' id='word_1_73' title='bbox 1157 1508 1195 1581; x_wconf 87' lang='lat' dir='ltr'>in</span> 
     </span>
     <span class='ocr_line' id='line_1_12' title="bbox 201 1615 1197 1716; baseline 0.002 -27"><span class='ocrx_word' id='word_1_74' title='bbox 201 1621 331 1716; x_wconf 78' lang='lat' dir='ltr'>Gorgia</span> <span class='ocrx_word' id='word_1_75' title='bbox 352 1615 628 1715; x_wconf 88' lang='lat' dir='ltr'>reprehenderat</span> <span class='ocrx_word' id='word_1_76' title='bbox 652 1629 726 1687; x_wconf 88' lang='lat' dir='ltr'>tam</span> <span class='ocrx_word' id='word_1_77' title='bbox 747 1617 873 1688; x_wconf 87' lang='lat' dir='ltr'>aeriter</span> <span class='ocrx_word' id='word_1_78' title='bbox 890 1617 988 1688; x_wconf 89' lang='lat' dir='ltr'>Plato</span> <span class='ocrx_word' id='word_1_79' title='bbox 1009 1616 1197 1691; x_wconf 89' lang='lat' dir='ltr'>rhetorum</span> 
     </span>
     <span class='ocr_line' id='line_1_13' title="bbox 197 1721 1196 1831; baseline -0.001 -28"><span class='ocrx_word' id='word_1_80' title='bbox 197 1733 373 1818; x_wconf 84' lang='lat' dir='ltr'>animum,</span> <span class='ocrx_word' id='word_1_81' title='bbox 395 1731 492 1802; x_wconf 87' lang='lat' dir='ltr'>idem</span> <span class='ocrx_word' id='word_1_82' title='bbox 513 1731 616 1804; x_wconf 83' lang='lat' dir='ltr'>vivax</span> <span class='ocrx_word' id='word_1_83' title='bbox 634 1721 887 1831; x_wconf 76' lang='lat' dir='ltr'>permanserat.</span> <span class='ocrx_word' id='word_1_84' title='bbox 917 1736 1039 1827; x_wconf 88' lang='lat' dir='ltr'>ltaque</span> <span class='ocrx_word' id='word_1_85' title='bbox 1057 1733 1196 1824; x_wconf 82' lang='lat' dir='ltr'>futuros</span> 
     </span>
     <span class='ocr_line' id='line_1_14' title="bbox 199 1842 1192 1938; baseline -0.002 -21"><span class='ocrx_word' id='word_1_86' title='bbox 199 1861 358 1918; x_wconf 86' lang='lat' dir='ltr'>oratores</span> <span class='ocrx_word' id='word_1_87' title='bbox 372 1859 495 1916; x_wconf 91' lang='lat' dir='ltr'>monet</span> <span class='ocrx_word' id='word_1_88' title='bbox 506 1849 552 1915; x_wconf 86' lang='lat' dir='ltr'>M.</span> <span class='ocrx_word' id='word_1_89' title='bbox 568 1845 752 1927; x_wconf 82' lang='lat' dir='ltr'>Antonius,</span> <span class='ocrx_word' id='word_1_90' title='bbox 776 1873 793 1910; x_wconf 81' lang='lat' dir='ltr'>v</span> <span class='ocrx_word' id='word_1_91' title='bbox 805 1843 950 1914; x_wconf 91' lang='lat' dir='ltr'>videant</span> <span class='ocrx_word' id='word_1_92' title='bbox 965 1842 1053 1938; x_wconf 94' lang='lat' dir='ltr'>quid</span> <span class='ocrx_word' id='word_1_93' title='bbox 1065 1843 1192 1934; x_wconf 73' lang='lat' dir='ltr'>velint5</span> 
     </span>
     <span class='ocr_line' id='line_1_15' title="bbox 197 1954 1195 2052; baseline -0.001 -24"><span class='ocrx_word' id='word_1_94' title='bbox 197 1958 244 2028; x_wconf 91' lang='lat' dir='ltr'>ad</span> <span class='ocrx_word' id='word_1_95' title='bbox 282 1957 528 2028; x_wconf 88' lang='lat' dir='ltr'>ludendumne</span> <span class='ocrx_word' id='word_1_96' title='bbox 565 1981 612 2027; x_wconf 90' lang='lat' dir='ltr'>an</span> <span class='ocrx_word' id='word_1_97' title='bbox 651 1954 697 2027; x_wconf 92' lang='lat' dir='ltr'>ad</span> <span class='ocrx_word' id='word_1_98' title='bbox 731 1954 965 2052; x_wconf 90' lang='lat' dir='ltr'>pugnandum</span> <span class='ocrx_word' id='word_1_99' title='bbox 996 1978 1095 2026; x_wconf 88' lang='lat' dir='ltr'>arma</span> <span class='ocrx_word' id='word_1_100' title='bbox 1125 1957 1195 2027; x_wconf 89' lang='lat' dir='ltr'>sint</span> 
     </span>
     <span class='ocr_line' id='line_1_16' title="bbox 197 2065 1195 2168; baseline 0.002 -27"><span class='ocrx_word' id='word_1_101' title='bbox 197 2071 402 2168; x_wconf 79' lang='lat' dir='ltr'>sumpturi².</span> <span class='ocrx_word' id='word_1_102' title='bbox 424 2096 442 2136; x_wconf 83' lang='lat' dir='ltr'>n</span> <span class='ocrx_word' id='word_1_103' title='bbox 474 2068 594 2140; x_wconf 92' lang='lat' dir='ltr'>Ludus</span> <span class='ocrx_word' id='word_1_104' title='bbox 616 2068 798 2160; x_wconf 84' lang='lat' dir='ltr'>nimirum,</span> <span class='ocrx_word' id='word_1_105' title='bbox 822 2083 857 2139; x_wconf 91' lang='lat' dir='ltr'>et</span> <span class='ocrx_word' id='word_1_106' title='bbox 878 2068 968 2139; x_wconf 90' lang='lat' dir='ltr'>nihil</span> <span class='ocrx_word' id='word_1_107' title='bbox 995 2065 1075 2150; x_wconf 77' lang='lat' dir='ltr'>nisi</span> <span class='ocrx_word' id='word_1_108' title='bbox 1088 2069 1195 2143; x_wconf 87' lang='lat' dir='ltr'>ludus</span> 
     </span>
     <span class='ocr_line' id='line_1_17' title="bbox 197 2181 1194 2259; baseline 0.003 -4"><span class='ocrx_word' id='word_1_109' title='bbox 197 2199 273 2255; x_wconf 89' lang='lat' dir='ltr'>erat</span> <span class='ocrx_word' id='word_1_110' title='bbox 290 2182 407 2255; x_wconf 90' lang='lat' dir='ltr'>omnis</span> <span class='ocrx_word' id='word_1_111' title='bbox 421 2182 496 2253; x_wconf 85' lang='lat' dir='ltr'>haec</span> <span class='ocrx_word' id='word_1_112' title='bbox 508 2181 712 2254; x_wconf 86' lang='lat' dir='ltr'>scholarum</span> <span class='ocrx_word' id='word_1_113' title='bbox 730 2182 944 2255; x_wconf 88' lang='lat' dir='ltr'>exercitatio.</span> <span class='ocrx_word' id='word_1_114' title='bbox 958 2186 1048 2254; x_wconf 87' lang='lat' dir='ltr'>Nam</span> <span class='ocrx_word' id='word_1_115' title='bbox 1056 2208 1194 2259; x_wconf 85' lang='lat' dir='ltr'>novum</span> 
     </span>
     <span class='ocr_line' id='line_1_18' title="bbox 195 2295 1195 2394; baseline 0 -25"><span class='ocrx_word' id='word_1_116' title='bbox 195 2296 332 2394; x_wconf 88' lang='lat' dir='ltr'>aliquid</span> <span class='ocrx_word' id='word_1_117' title='bbox 355 2312 391 2368; x_wconf 91' lang='lat' dir='ltr'>et</span> <span class='ocrx_word' id='word_1_118' title='bbox 420 2295 605 2367; x_wconf 86' lang='lat' dir='ltr'>rhetoricis</span> <span class='ocrx_word' id='word_1_119' title='bbox 631 2296 777 2369; x_wconf 89' lang='lat' dir='ltr'>auribus</span> <span class='ocrx_word' id='word_1_120' title='bbox 805 2295 1006 2368; x_wconf 87' lang='lat' dir='ltr'>inauditum</span> <span class='ocrx_word' id='word_1_121' title='bbox 1035 2296 1195 2393; x_wconf 89' lang='lat' dir='ltr'>proferre</span> 
     </span>
     <span class='ocr_line' id='line_1_19' title="bbox 195 2407 1195 2505; baseline -0.003 -23"><span class='ocrx_word' id='word_1_122' title='bbox 195 2411 262 2482; x_wconf 83' lang='lat' dir='ltr'>sibl</span> <span class='ocrx_word' id='word_1_123' title='bbox 288 2411 428 2480; x_wconf 91' lang='lat' dir='ltr'>videtur</span> <span class='ocrx_word' id='word_1_124' title='bbox 453 2413 500 2479; x_wconf 89' lang='grc' dir='ltr'>Μ.</span> <span class='ocrx_word' id='word_1_125' title='bbox 521 2411 717 2493; x_wconf 86' lang='lat' dir='ltr'>Antonius,</span> <span class='ocrx_word' id='word_1_126' title='bbox 748 2433 860 2505; x_wconf 88' lang='lat' dir='ltr'>quum</span> <span class='ocrx_word' id='word_1_127' title='bbox 883 2407 953 2478; x_wconf 90' lang='lat' dir='ltr'>hoc</span> <span class='ocrx_word' id='word_1_128' title='bbox 975 2410 1108 2479; x_wconf 91' lang='lat' dir='ltr'>oratori</span> <span class='ocrx_word' id='word_1_129' title='bbox 1123 2411 1195 2505; x_wconf 87' lang='lat' dir='ltr'>pri·</span> 
     </span>
     <span class='ocr_line' id='line_1_20' title="bbox 196 2521 1192 2619; baseline 0 -26"><span class='ocrx_word' id='word_1_130' title='bbox 196 2549 296 2593; x_wconf 89' lang='lat' dir='ltr'>mum</span> <span class='ocrx_word' id='word_1_131' title='bbox 319 2522 489 2619; x_wconf 85' lang='lat' dir='ltr'>praecipit,</span> <span class='ocrx_word' id='word_1_132' title='bbox 516 2551 532 2585; x_wconf 86' lang='lat'>«</span> <span class='ocrx_word' id='word_1_133' title='bbox 555 2545 797 2616; x_wconf 86' lang='lat' dir='ltr'>quascumque</span> <span class='ocrx_word' id='word_1_134' title='bbox 813 2543 936 2591; x_wconf 86' lang='lat' dir='ltr'>causas</span> <span class='ocrx_word' id='word_1_135' title='bbox 954 2521 1019 2590; x_wconf 88' lang='lat' dir='ltr'>erit</span> <span class='ocrx_word' id='word_1_136' title='bbox 1037 2536 1192 2610; x_wconf 83' lang='lat' dir='ltr'>acturus,</span> 
     </span>
     <span class='ocr_line' id='line_1_21' title="bbox 196 2636 1194 2733; baseline -0.002 -24"><span class='ocrx_word' id='word_1_137' title='bbox 196 2652 235 2709; x_wconf 93' lang='lat' dir='ltr'>ut</span> <span class='ocrx_word' id='word_1_138' title='bbox 253 2662 311 2708; x_wconf 87' lang='lat' dir='ltr'>eas</span> <span class='ocrx_word' id='word_1_139' title='bbox 329 2637 515 2732; x_wconf 84' lang='lat' dir='ltr'>diligenter</span> <span class='ocrx_word' id='word_1_140' title='bbox 531 2636 744 2733; x_wconf 88' lang='lat' dir='ltr'>penitusque</span> <span class='ocrx_word' id='word_1_141' title='bbox 761 2649 965 2730; x_wconf 82' lang='lat' dir='ltr'>cognoscat.</span> <span class='ocrx_word' id='word_1_142' title='bbox 986 2665 1003 2700; x_wconf 71' lang='lat'>&gt;2</span> <span class='ocrx_word' id='word_1_143' title='bbox 1021 2639 1064 2707; x_wconf 87' lang='lat' dir='ltr'>Et</span> <span class='ocrx_word' id='word_1_144' title='bbox 1082 2661 1194 2732; x_wconf 89' lang='lat' dir='ltr'>quum</span> 
     </span>
     <span class='ocr_line' id='line_1_22' title="bbox 194 2747 1191 2844; baseline -0.001 -23"><span class='ocrx_word' id='word_1_145' title='bbox 194 2751 270 2822; x_wconf 92' lang='lat' dir='ltr'>vult</span> <span class='ocrx_word' id='word_1_146' title='bbox 285 2747 449 2844; x_wconf 83' lang='lat' dir='ltr'>intelligi,</span> <span class='ocrx_word' id='word_1_147' title='bbox 470 2747 751 2820; x_wconf 88' lang='lat' dir='ltr'>animadvertere</span> <span class='ocrx_word' id='word_1_148' title='bbox 771 2772 809 2818; x_wconf 92' lang='lat' dir='ltr'>se</span> <span class='ocrx_word' id='word_1_149' title='bbox 832 2747 1018 2818; x_wconf 87' lang='lat' dir='ltr'>rhetorum</span> <span class='ocrx_word' id='word_1_150' title='bbox 1035 2748 1191 2839; x_wconf 89' lang='lat' dir='ltr'>scholas,</span> 
     </span>
     <span class='ocr_line' id='line_1_23' title="bbox 193 2861 1194 2959; baseline 0 -24"><span class='ocrx_word' id='word_1_151' title='bbox 193 2864 316 2936; x_wconf 89' lang='lat' dir='ltr'>addit:</span> <span class='ocrx_word' id='word_1_152' title='bbox 342 2894 358 2927; x_wconf 75' lang='grc' dir='ltr'>ι(</span> <span class='ocrx_word' id='word_1_153' title='bbox 371 2868 448 2933; x_wconf 88' lang='lat' dir='ltr'>Hoc</span> <span class='ocrx_word' id='word_1_154' title='bbox 465 2862 501 2932; x_wconf 92' lang='lat' dir='ltr'>in</span> <span class='ocrx_word' id='word_1_155' title='bbox 519 2861 607 2933; x_wconf 90' lang='lat' dir='ltr'>ludo</span> <span class='ocrx_word' id='word_1_156' title='bbox 624 2886 699 2933; x_wconf 90' lang='lat' dir='ltr'>non</span> <span class='ocrx_word' id='word_1_157' title='bbox 715 2862 929 2959; x_wconf 85' lang='lat' dir='ltr'>praecipitur.</span> <span class='ocrx_word' id='word_1_158' title='bbox 949 2863 1081 2935; x_wconf 87' lang='lat' dir='ltr'>Faciles</span> <span class='ocrx_word' id='word_1_159' title='bbox 1099 2863 1194 2935; x_wconf 84' lang='lat' dir='ltr'>enim</span> 
     </span>
     <span class='ocr_line' id='line_1_24' title="bbox 193 2974 1195 3074; baseline 0 -26"><span class='ocrx_word' id='word_1_160' title='bbox 193 3003 308 3049; x_wconf 76' lang='lat' dir='ltr'>causae</span> <span class='ocrx_word' id='word_1_161' title='bbox 326 2976 372 3049; x_wconf 89' lang='lat' dir='ltr'>ad</span> <span class='ocrx_word' id='word_1_162' title='bbox 388 3000 520 3074; x_wconf 87' lang='lat' dir='ltr'>pueros</span> <span class='ocrx_word' id='word_1_163' title='bbox 534 2974 755 3046; x_wconf 81' lang='lat' dir='ltr'>deseruntur.</span> <span class='ocrx_word' id='word_1_164' title='bbox 772 2980 842 3045; x_wconf 82' lang='lat' dir='ltr'>Lex</span> <span class='ocrx_word' id='word_1_165' title='bbox 860 2975 1087 3071; x_wconf 82' lang='lat' dir='ltr'>peregrinum</span> <span class='ocrx_word' id='word_1_166' title='bbox 1100 2990 1195 3048; x_wconf 90' lang='lat' dir='ltr'>vetat</span> 
     </span>
     <span class='ocr_line' id='line_1_25' title="bbox 140 3086 1195 3185; baseline 0 -24"><span class='ocrx_word' id='word_1_167' title='bbox 140 3105 142 3109; x_wconf 83' lang='lat'>&#39;</span> <span class='ocrx_word' id='word_1_168' title='bbox 193 3091 232 3161; x_wconf 91' lang='lat' dir='ltr'>in</span> <span class='ocrx_word' id='word_1_169' title='bbox 247 3115 393 3161; x_wconf 88' lang='lat' dir='ltr'>murum</span> <span class='ocrx_word' id='word_1_170' title='bbox 409 3088 616 3177; x_wconf 82' lang='lat' dir='ltr'>ascendere3</span> <span class='ocrx_word' id='word_1_171' title='bbox 642 3087 814 3176; x_wconf 88' lang='lat' dir='ltr'>ascendit,</span> <span class='ocrx_word' id='word_1_172' title='bbox 833 3086 955 3158; x_wconf 89' lang='lat' dir='ltr'>hostes</span> <span class='ocrx_word' id='word_1_173' title='bbox 977 3088 1120 3185; x_wconf 76' lang='lat' dir='ltr'>repulit,</span> <span class='ocrx_word' id='word_1_174' title='bbox 1139 3114 1195 3163; x_wconf 77' lang='lat' dir='ltr'>ac·</span> 
     </span>
     <span class='ocr_line' id='line_1_26' title="bbox 188 3192 1195 3297; baseline 0 -22"><span class='ocrx_word' id='word_1_175' title='bbox 188 3192 351 3276; x_wconf 46' lang='lat' dir='ltr'>&#39;eusatun</span> <span class='ocrx_word' id='word_1_176' title='bbox 382 3201 479 3272; x_wconf 91' lang='lat' dir='ltr'>Nihil</span> <span class='ocrx_word' id='word_1_177' title='bbox 502 3213 555 3273; x_wconf 88' lang='lat' dir='ltr'>est</span> <span class='ocrx_word' id='word_1_178' title='bbox 579 3200 713 3296; x_wconf 88' lang='lat' dir='ltr'>negotii</span> <span class='ocrx_word' id='word_1_179' title='bbox 740 3199 947 3297; x_wconf 91' lang='lat' dir='ltr'>hujusmodi</span> <span class='ocrx_word' id='word_1_180' title='bbox 969 3226 1114 3275; x_wconf 89' lang='lat' dir='ltr'>causam</span> <span class='ocrx_word' id='word_1_181' title='bbox 1136 3202 1195 3275; x_wconf 73' lang='lat' dir='ltr'>do</span> 
     </span>
     <span class='ocr_line' id='line_1_27' title="bbox 194 3311 1192 3412; baseline 0.001 -27"><span class='ocrx_word' id='word_1_182' title='bbox 194 3313 352 3386; x_wconf 88' lang='lat' dir='ltr'>fendere.</span> <span class='ocrx_word' id='word_1_183' title='bbox 379 3316 483 3383; x_wconf 86' lang='lat' dir='ltr'>Recte</span> <span class='ocrx_word' id='word_1_184' title='bbox 499 3312 606 3407; x_wconf 90' lang='lat' dir='ltr'>igitur</span> <span class='ocrx_word' id='word_1_185' title='bbox 622 3311 712 3382; x_wconf 92' lang='lat' dir='ltr'>nihil</span> <span class='ocrx_word' id='word_1_186' title='bbox 729 3311 774 3382; x_wconf 93' lang='lat' dir='ltr'>de</span> <span class='ocrx_word' id='word_1_187' title='bbox 789 3337 895 3384; x_wconf 91' lang='lat' dir='ltr'>causa</span> <span class='ocrx_word' id='word_1_188' title='bbox 918 3312 1089 3386; x_wconf 90' lang='lat' dir='ltr'>discenda</span> <span class='ocrx_word' id='word_1_189' title='bbox 1103 3340 1192 3412; x_wconf 88' lang='lat' dir='ltr'>prae-</span> 
     </span>
     <span class='ocr_line' id='line_1_28' title="bbox 194 3424 1192 3527; baseline -0.002 -28"><span class='ocrx_word' id='word_1_190' title='bbox 194 3428 353 3527; x_wconf 88' lang='lat' dir='ltr'>cipiunt:</span> <span class='ocrx_word' id='word_1_191' title='bbox 376 3424 453 3496; x_wconf 76' lang='lat' dir='ltr'>haec</span> <span class='ocrx_word' id='word_1_192' title='bbox 477 3439 531 3497; x_wconf 88' lang='lat' dir='ltr'>est</span> <span class='ocrx_word' id='word_1_193' title='bbox 546 3426 641 3497; x_wconf 89' lang='lat' dir='ltr'>euim</span> <span class='ocrx_word' id='word_1_194' title='bbox 660 3424 802 3501; x_wconf 91' lang='lat' dir='ltr'>inludo</span> <span class='ocrx_word' id='word_1_195' title='bbox 826 3452 1015 3503; x_wconf 79' lang='lat' dir='ltr'>causarum</span> <span class='ocrx_word' id='word_1_196' title='bbox 1031 3426 1103 3499; x_wconf 88' lang='lat' dir='ltr'>sere</span> <span class='ocrx_word' id='word_1_197' title='bbox 1120 3427 1192 3499; x_wconf 88' lang='lat' dir='ltr'>sor-</span> 
     </span>
     <span class='ocr_line' id='line_1_29' title="bbox 194 3537 1190 3639; baseline -0.001 -26"><span class='ocrx_word' id='word_1_198' title='bbox 194 3542 306 3613; x_wconf 87' lang='lat' dir='ltr'>mula.</span> <span class='ocrx_word' id='word_1_199' title='bbox 326 3543 372 3611; x_wconf 83' lang='lat' dir='ltr'>At</span> <span class='ocrx_word' id='word_1_200' title='bbox 387 3564 474 3611; x_wconf 92' lang='lat' dir='ltr'>vero</span> <span class='ocrx_word' id='word_1_201' title='bbox 491 3539 528 3610; x_wconf 89' lang='lat' dir='ltr'>iu</span> <span class='ocrx_word' id='word_1_202' title='bbox 550 3539 643 3629; x_wconf 86' lang='lat' dir='ltr'>soro,</span> <span class='ocrx_word' id='word_1_203' title='bbox 664 3537 807 3629; x_wconf 71' lang='lat' dir='ltr'>tubulus,</span> <span class='ocrx_word' id='word_1_204' title='bbox 833 3539 1045 3632; x_wconf 86' lang='lat' dir='ltr'>testimonia,</span> <span class='ocrx_word' id='word_1_205' title='bbox 1073 3555 1190 3639; x_wconf 71' lang='lat' dir='ltr'>pacm,</span> 
     </span>
     <span class='ocr_line' id='line_1_30' title="bbox 195 3652 1190 3752; baseline 0.001 -25"><span class='ocrx_word' id='word_1_206' title='bbox 195 3667 391 3743; x_wconf 85' lang='lat' dir='ltr'>conventa,</span> <span class='ocrx_word' id='word_1_207' title='bbox 424 3653 689 3752; x_wconf 86' lang='lat' dir='ltr'>stipulationes,</span> <span class='ocrx_word' id='word_1_208' title='bbox 723 3652 967 3750; x_wconf 78' lang='lat' dir='ltr'>cognationes,</span> <span class='ocrx_word' id='word_1_209' title='bbox 987 3652 1190 3747; x_wconf 79' lang='lat' dir='ltr'>affinitates,</span> 
     </span>
    </p>
   </div>
   <div class='ocr_carea' id='block_1_4' title="bbox 235 3949 553 4098">
    <p class='ocr_par' dir='ltr' id='par_1_4' title="bbox 235 3949 553 4098">
     <span class='ocr_line' id='line_1_31' title="bbox 235 3949 553 4024; baseline 0.006 -15"><span class='ocrx_word' id='word_1_210' title='bbox 235 3949 553 4024; x_wconf 68' lang='lat' dir='ltr'>r.neom.,n,ra</span> 
     </span>
     <span class='ocr_line' id='line_1_32' title="bbox 235 4037 358 4098; baseline -0.008 0"><span class='ocrx_word' id='word_1_211' title='bbox 235 4042 265 4098; x_wconf 78' lang='lat'>2.</span> <span class='ocrx_word' id='word_1_212' title='bbox 281 4037 358 4097; x_wconf 77' lang='lat' dir='ltr'>ura.</span> 
     </span>
    </p>
   </div>
   <div class='ocr_carea' id='block_1_5' title="bbox 0 0 1406 4980">
    <p class='ocr_par' dir='ltr' id='par_1_5' title="bbox 0 0 1406 4980">
     <span class='ocr_line' id='line_1_33' title="bbox 0 0 1406 4980; baseline 0 1"><span class='ocrx_word' id='word_1_213' title='bbox 0 0 1406 4980; x_wconf 95' lang='lat' dir='ltr'> </span> 
     </span>
    </p>
   </div>
  </div>
 </body>
</html>
