2804 4980
656 347 853 422 *iii-.-

205 552 208 557 -
252 498 465 590 contendit,
494 525 567 569 non
595 496 691 596 qnod
713 499 828 568 tennis
848 500 1175 596 rrtqne'inornatus¹
1193 506 1260 591 sn,

141 668 144 673 .
248 609 319 699 red
340 609 435 709 qnod
457 610 550 681 nihil
572 607 700 687 hubent
719 609 876 681 insolens
886 624 950 680 aut
967 611 1150 706 inepnum
1163 629 1261 687 oete.

254 750 336 796 rum
353 740 406 797 est
421 725 496 825 ipse
518 723 640 794 multis
656 725 694 793 in
712 721 798 793 locis
809 720 986 821 grandior
997 743 1013 795 ·.·
1038 725 1137 822 quod
1159 729 1189 799 si
1206 730 1262 800 vi·

254 834 381 907 deatur
395 834 553 931 jejunior
577 856 677 922 esse,
700 831 784 904 ideo
809 831 847 902 id
864 829 922 921 fit,
940 834 1109 930 qnoniam
1124 840 1163 906 r‘e
1179 839 1262 934 epse
1322 894 1326 905 .

252 947 413 1019 consulto
437 944 488 1016 nd
515 947 736 1015 minutarum
753 1018 756 1023 ,
768 969 903 1042 genera
931 970 1123 1017 cansarum
1157 946 1261 1026 limnr

249 1057 378 1127 verit&
416 1053 687 1150 Sed-quantum
714 1051 831 1142 abest,
866 1067 906 1124 ut
932 1053 995 1149 qui
1022 1053 1127 1125 attice
1150 1055 1262 1135 velint

254 1163 394 1255 dicere,
406 1161 658 1261 jejunitatem,
675 1165 882 1252 siccitatem,
900 1165 1057 1259 inopiam
1075 1189 1118 1234 ex
1134 1163 1261 1238 indus·

247 1279 324 1351 tria
342 1275 497 1348 debeant
518 1273 639 1374 sequi!
660 1277 731 1364 Qui
746 1277 797 1347 sic
814 1277 1028 1375 opinantur,
1050 1302 1113 1349 eos
1137 1280 1262 1351 menii-

253 1388 348 1459 nisse
362 1387 465 1484 jubet
480 1389 604 1459 Cicero
624 1389 693 1458 n'm
709 1405 745 1458 et
764 1389 968 1458 varietatem
986 1391 1191 1476 atticorum,
1219 1391 1262 1465 iis

253 1498 379 1596 objicit
402 1497 703 1596 magnificentiam
723 1498 998 1587 Demosthenis,
1021 1498 1263 1595 'fulgurantem
1322 1501 1325 1506 ’

254 1610 399 1683 Periclis
431 1610 674 1707 eloquentiam
682 1615 704 1680 ².
742 1614 855 1708 Atque
890 1625 931 1681 ut
965 1610 1100 1681 nemini
1132 1615 1262 1683 Roma-

254 1744 393 1801 norum
410 1728 563 1801 dubium
583 1729 627 1800 sit
654 1753 764 1826 quam
789 1728 956 1825 graviter,
984 1751 1093 1825 quarn
1115 1730 1262 1826 copiose

255 1837 376 1910 dicant
387 1838 501 1930 Attici,
515 1838 768 1909 Demosthenis
784 1852 819 1908 et
832 1836 1009 1908 AEschinis
1022 1835 1263 1911 nobilissimas

253 1947 332 2020 illas
347 1949 390 2019 de
407 1952 546 2020 Corona
566 1951 747 2020 orationes
764 1947 872 2019 latine
886 1948 1263 2045 convertit,praemissa
1369 1940 1393 2011 ι’

254 2056 473 2155 praelatione,
484 2056 556 2128 ‘uhi
571 2057 615 2127 de
629 2059 762 2154 optimo
777 2082 907 2155 genere
922 2073 1107 2127 oratorum
1122 2058 1265 2132 disserit

253 2167 299 2239 ab
316 2168 475 2265 integro,
500 2168 684 2273 aperitque
702 2167 790 2264 quid
808 2168 853 2238 sit
868 2165 936 2237 sihi
958 2167 1097 2239 consilii
1103 2221 1111 2238 .

301 2283 384 2350 Haec
397 2294 451 2350 est
466 2279 824 2379 quamnovissimam
835 2277 961 2351 Cicero
972 2279 1089 2351 oravit
1100 2303 1262 2368 causam,

126 2474 131 2487 Ι
251 2389 416 2501 ngnjam
431 2414 497 2487 pro
510 2378 635 2477 domu,
649 2390 712 2462 sed
727 2416 794 2488 pro
805 2389 995 2462 famasua:
1017 2404 1053 2462 et
1069 2389 1168 2461 litem
1183 2391 1263 2488 qui·

251 2500 337 2587 dem
351 2500 512 2587 obtinet,
527 2501 648 2596 judice
664 2500 901 2588 Quintiliano.
918 2501 989 2586 Qui
999 2527 1112 2596 quum
1126 2502 1262 2598 optime
1365 2552 1369 2561 -

252 2608 382 2680 sentiat
405 2607 683 2704 relinquendum
707 2609 834 2697 atticis,
862 2607 900 2678 id
921 2624 973 2679 est
990 2608 1263 2680 Atheniensibus

153 2804 190 2827 ‚.,
252 2721 449 2816 ἀττικισμὸν,
460 2718 1262 2817 ΒοωαηίςριῸρΥἰᾶηιεεεεαῐᾳυεαρρεῐεηάωιι

251 2829 419 2899 virtutem
440 2827 609 2917 declarat,
631 2829 761 2925 quaein
784 2829 910 2929 primis
928 2829 1152 2901 ciceroniana
1176 2831 1263 2921 fuit,

73 2954 95 3009 '.
112 2996 118 3003 .
149 2930 162 2951 ”
248 2944 460 3039 gravitatem
475 2956 511 3012 et
526 2939 728 3011 validiorem
746 2942 943 3036 spiritnm³.
961 2941 1029 3011 Sed
1044 2963 1119 3011 non
1134 2966 1263 3014 omnes

35 3814 76 3851 ’.ἦ

248 3052 330 3148 pari
354 3053 392 3122 in
418 3052 571 3123 Tullium
597 3052 719 3123 animo
747 3050 971 3141 serebantur;
995 3075 1113 3147 neque
1135 3077 1263 3125 omnes

251 3162 444 3235 adversarii
454 3178 568 3252 erant,
584 3176 623 3232 ut
634 3166 782 3249 Brutus,
799 3176 838 3233 ut
855 3166 983 3251 Varro,
1002 3163 1107 3234 amici
1125 3189 1134 3231 ε
1159 3180 1263 3257 erant

251 3272 370 3344 aemuli
385 3273 558 3371 plerique,
578 3287 679 3344 erant
694 3272 819 3346 invidi.
833 3278 930 3344 Inter
946 3298 1036 3371 quos
1047 3273 1264 3348 clarissimus

249 3386 318 3458 fuit
338 3380 378 3456 C.
405 3384 559 3457 Licinius
579 3384 721 3475 Calvus,
744 3386 856 3456 atticae
877 3385 937 3456 hic
953 3410 1099 3485 quoquc
1125 3389 1258 3476 sectae*,

249 3520 361 3590 quem
389 3521 604 3595 exsanguem
621 3512 656 3569 et
677 3500 798 3568 tritum
812 3495 997 3591 judicabat
1019 3499 1163 3590 Cicero,
1184 3498 1264 3595 qui·

252 3631 322 3704 que
340 3609 553 3680 Ciceronem
570 3623 612 3679 ut
626 3607 780 3679 solutum
803 3624 840 3678 et
859 3635 1020 3680 enervem
1044 3609 1262 3708 aspernaba-

292 3805 321 3859 l.
346 3806 391 3859 De
403 3815 460 3880 opt.
473 3824 536 3880 gen.
552 3815 624 3860 orat.
630 3846 639 3875 ,
656 3807 686 3862 3.
704 3835 745 3845 —
761 3806 842 3863 Orat.
847 3846 857 3872 ‚
875 3807 892 3862 9

287 3894 317 3949 2.
341 3895 439 3964 Brun,
456 3896 646 3965 tta—Orat,
663 3898 693 3964 7,
709 3897 738 3965 8,
755 3897 783 3952 9.

292 3983 321 4051 3,
344 3985 415 4038 Inst.
433 3995 520 4052 orat„
533 3985 603 4054 Xll,
619 4003 650 4055 x,
662 3985 768 4040 :rt-38.

291 4075 321 4130 l.
344 4074 440 4141 Brut„
454 4075 502 4130 82.
