2804 4980
603 352 798 429 ..147¹-

198 499 310 575 nimia
321 499 462 577 licentia
478 527 567 600 vaga
586 517 621 577 et
637 501 810 575 effusa...
833 507 878 577 ln
894 502 1196 604 descriptionibus

200 625 296 685 extra
315 611 451 711 legem3
471 612 639 689 omnibus
656 611 788 704 verbis,
811 612 1011 690 dummodo
1026 617 1192 707 niteram,

195 724 369 820 permissa
385 723 542 797 libertas.
570 723 666 797 Nihil
688 749 787 815 acre,
812 723 902 799 nihil
919 726 1094 816 solidum,
1105 727 1196 805 nihil

196 831 398 909 horridum.
419 834 755 934 Splendida-oratio,
775 851 811 909 et
824 837 933 933 magis
941 836 1071 913 lasciva
1085 863 1197 935 quatu

196 943 275 1020 laeta
287 947 310 1018 ¹.
332 972 352 1012 u
367 943 433 1018 tlte
460 960 513 1017 est
536 945 599 1042 qui
624 944 758 1019 cultam
785 961 820 1018 et
841 945 1003 1034 mollem,
1032 962 1068 1024 et
1084 948 1196 1025 nimia

197 1052 347 1129 effusam
364 1052 521 1147 licentia,
535 1070 570 1126 et
586 1055 624 1125 in
642 1053 942 1153 descriptionibus
955 1082 1032 1131 sese
1043 1057 1196 1137 efferea-

196 1176 284 1256 tem,
300 1179 335 1237 et
347 1188 473 1241 eorum
485 1188 564 1262 quae
576 1163 690 1239 nitere
702 1167 1060 1263 possentamatrioem
1076 1168 1197 1264 impo-

196 1286 345 1365 tentem,
370 1289 406 1349 et
428 1273 519 1347 nibil
535 1299 693 1372 unquam
712 1275 863 1370 horridi,
888 1278 1055 1351 nonnihil
1073 1278 1197 1359 lasciui

197 1382 446 1458 admittentem
472 1398 637 1465 naturam
659 1387 810 1461 Nasonis
830 1385 918 1459 aluit
943 1401 980 1458 et
1004 1387 1077 1463 suis
1101 1388 1196 1471 vitiis

196 1491 283 1568 lecit*
294 1493 479 1569 oblectari.
506 1500 620 1569 Fusco
636 1496 784 1594 ‚propria
800 1511 877 1568 erat
899 1496 1085 1597 singularis
1102 1523 1197 1595 qum·

196 1602 281 1679 dam
292 1603 485 1704 eloquendi
496 1604 652 1694 ubertas,
671 1605 1001 1703 eteaquidemquae
1012 1607 1196 1684 ovidiana

196 1712 353 1789 facilitati
376 1714 574 1814 plurimum
593 1715 751 1814 placeret
775 1743 783 1787 :
811 1741 924 1812 graece
940 1731 977 1789 et
998 1716 1107 1793 latine
1129 1718 1196 1791 de-

196 1823 403 1919 clamando,
416 1825 485 1901 sibi
502 1851 569 1925 par
584 1850 698 1924 usque
709 1825 941 1904 ..habebaturt
954 1830 1025 1899 Sua
1041 1853 1124 1905 eum
1140 1829 1196 1907 in·

197 1933 480 2013 doles‘Suasoriis
495 1963 604 2037 quam
619 1938 878 2022 controversiis
887 1937 1074 2036 prestabat
1086 1939 1198 2037 antia

197 2071 274 2122 rem
297 2075 305 2118 :
324 2062 402 2120 tum
419 2053 572 2127 maxime
586 2049 637 2121 ad
649 2048 990 2146 arbitriumpoterat
1006 2050 1196 2145 evagariiu

196 2157 489 2255 explicationibus
500 2160 571 2233 suis
581 2174 616 2231 et
626 2157 943 2256 descriptiunculis,
955 2157 1198 2254 ,atquefracta

197 2271 447 2366 compositione
470 2285 506 2343 et
526 2271 637 2341 nimio
656 2269 754 2343 cultu
777 2267 1052 2365 virgilianisque
1078 2269 1196 2347 imita·

198 2377 357 2453 tionibus
375 2381 573 2479 lascivire-³.
600 2387 689 2453 Nam
712 2380 863 2479 poeticis
888 2378 1028 2469 sabulis,
1043 2382 1196 2478 poeticis

197 2495 418 2567 ornamentis
444 2495 659 2593 plerumque
684 2517 808 2569 ansam
837 2491 973 2565 dabant
999 2493 1194 2581 suasoria,

188 2601 411 2701 juvabatque
424 2610 577 2677 Fuscum
594 2604 764 2678 decorare
781 2604 922 2701 poetica
942 2603 1082 2681 luxurie
1097 2604 1197 2687 §abt-

197 2728 271 2785 tam
287 2713 589 2787 declamationum
601 2716 813 2786 orationem.
829 2715 1037 2785 Huncinter
1052 2739 1198 2789 sexcen-

198 2839 255 2896 tos
278 2825 346 2899 sibi
368 2827 581 2924 magistrum
605 2825 784 2922 selegisset
806 2829 914 2914 Naso,
931 2827 1010 2922 qni,
1027 2827 1202 2926 quidquid

191 2931 539 3034 'mntmatscriberm
558 2959 674 3011 rer-rm
689 2935 798 3022 erat⁸3
819 2933 1064 3028 cujuS,.etiatn
1084 2960 1198 3031 quum

192 3043 336 3140 juvenis
352 3045 550 3126 admodum
568 3044 783 3121 declamaret
798 3042 836 3115 in
859 3041 983 3114 schola
998 3045 1114 3133 Fusci,
1132 3068 1197 3122 ats-

200 3153 320 3229 diente
345 3159 393 3229 M.
416 3159 571 3246 Seneca,
596 3157 710 3231 oratio
721 3153 895 3252 merum
912 3153 1006 3231 nib'l
1019 3152 1123 3231 ali'ad
1134 3180 1199 3252 pc·

201 3279 295 3339 terat
313 3265 433 3356 videri,
448 3292 556 3368 qnam
571 3267 913 3341 commaerentem.

249 3381 410 3478 Papirius
427 3380 603 3454 Fabianus
618 3379 721 3450 Fusci
746 3376 892 3475 quoque
909 3379 1052 3450 auditor
1067 3379 1195 3469 fuerat,

241 3619 270 3674 l.
296 3617 434 3684 Contrua,
447 3616 488 3686 11,
499 3609 582 3689 praes.

241 3708 270 3765 2.
294 3708 421 3775 Samson,
436 3709 466 3764 4.

243 3799 272 3854 a.
294 3796 385 3871 rua,
400 3798 431 3869 a,
447 3799 476 3854 a.

241 3890 271 3946 l.
296 3890 460 3965 Trtsr.,1V,
481 3889 532 3957 to,
556 3888 605 3944 20.
627 3887 662 3942 In
675 3883 730 3943 hac
743 3881 997 3963 elegiamemorat
1017 3882 1095 3946 Naso
1115 3901 1199 3943 suam
1231 3924 1238 3937 .

200 3976 355 4056 fratrisque
369 3977 414 4036 sui
426 3997 493 4036 cum
507 3973 747 4041 declamatoribus
761 3970 1009 4041 consmtutllnflm.

241 4073 272 4132 a.
291 4070 558 4143 numanae.
639 4142 642 4149 ,
