2804 4980
564 388 763 459 ..r-1..-

157 528 281 623 ninnt3
296 531 573 604 etnihilominus
582 551 700 630 potest
712 535 803 626 fieri,
813 539 975 633 quamvis
988 537 1161 615 distinxe-

158 638 227 711 rim
243 643 264 712 ¹.
289 671 308 707 »
342 642 414 713 Sed
443 641 489 713 ab
512 667 637 716 eorum
654 646 804 742 juvenili
830 647 1083 745 inexperientia
1111 651 1159 724 ad

158 773 261 824 suam
276 754 519 826 maturitatem
536 771 721 853 provocat.

205 863 286 934 Fuit
306 877 424 936 tamen
448 865 581 937 horum
614 865 770 941 filiorum
793 894 900 957 unus,
926 869 988 966 qui
1013 870 1160 947 adhaesit

157 973 215 1046 isti
235 976 457 1072 eloquentiae,
491 1001 643 1073 eamque
659 980 865 1052 excellentia
881 979 1014 1075 ingenii
1036 980 1103 1068 sui,
1124 995 1160 1051 et

156 1083 326 1178 Mettus,
341 1113 420 1184 quae
433 1086 532 1186 apud
542 1113 626 1160 eum
639 1089 925 1186 frequentissima
935 1105 1031 1179 sunt,
1049 1093 1161 1162 vitiu'
1259 1117 1262 1126 ’

158 1200 424 1271 commendavit
447 1224 490 1272 ac
516 1202 739 1301 propagavit,
767 1207 806 1272 L.
837 1205 973 1275 Seneca
997 1202 1158 1299 philoso-

157 1307 263 1406 phus.
283 1312 472 1384 Notissima
489 1328 542 1383 est
568 1312 637 1386 illa
650 1315 766 1385 oratio
788 1314 997 1385 circumcisa
1014 1328 1048 1383 et
1070 1312 1159 1383 deli-

156 1417 281 1492 berat'o
299 1435 438 1512 trunca,
456 1447 564 1520 quam
578 1427 619 1494 C.
639 1423 794 1519 Caligula
807 1449 956 1493 arenam
971 1427 1049 1493 siue
1064 1423 1160 1510 calce

156 1529 293 1627 optime
308 1532 496 1624 vocabat-³3
517 1557 625 1630 quam
643 1533 866 1628 sagacissima
884 1557 1033 1604 censura
1051 1533 1160 1618 Quin·

154 1641 300 1711 tiliauus
316 1658 351 1713 et
368 1644 470 1714 multi
487 1643 546 1714 alii
562 1660 798 1735 notaverunt3
821 1671 899 1741 quae
916 1662 1036 1716 tamen
1051 1647 1158 1716 etiam

156 1773 176 1820 a
208 1749 417 1820 censoribus
445 1765 592 1848 propter
629 1751 798 1822 eximium
833 1777 983 1823 acumen
1017 1754 1158 1823 veniam

156 1861 311 1932 abstulit.
334 1867 412 1959 lpse
426 1867 464 1932 L.
480 1866 629 1953 Seneca,
649 1864 686 1933 in
701 1863 815 1934 tribus
832 1863 882 1933 ud
890 1863 1063 1933 Lucilium
1074 1867 1159 1959 Epi·

156 1970 267 2057 stolis,
295 1971 445 2066 quidde
469 1972 672 2070 eloquentia
695 1976 835 2062 sentiat,
855 1974 911 2044 vel
934 1976 1065 2045 sentire
1091 1974 1158 2045 sibi

155 2079 338 2171 videatur,
367 2084 524 2178 exponit.
553 2088 605 2151 Ex
627 2083 701 2170 his,
730 2083 817 2179 quid
834 2084 931 2179 apud
948 2109 1049 2173 eum,
1069 2083 1158 2176 quid

156 2191 252 2289 apud
270 2191 429 2286 ejusdem
456 2192 594 2287 generis
609 2193 801 2289 scriptores
816 2193 891 2263 vitii
915 2194 1014 2286 argui
1031 2193 1155 2289 possit,

156 2316 315 2399 apparet.
338 2301 508 2372 Praedicat
524 2303 620 2371 enim
632 2303 739 2396 longe
758 2301 863 2372 aliam
881 2327 968 2389 esse,
989 2325 1067 2396 quae
1081 2326 1158 2372 ora·

156 2426 270 2484 torem
283 2427 318 2483 et
333 2438 412 2509 quae
431 2411 688 2509 philosophum
715 2410 839 2482 deceat
856 2412 971 2481 oratio
995 2438 1002 2481 :
1023 2411 1156 2482 sensim

156 2523 311 2594 deflectit
328 2524 374 2594 ad
391 2523 708 2621 reprehensionem
727 2522 901 2593 facundiae
922 2523 1098 2609 oratoriae,
1119 2523 1156 2593 id

157 2647 208 2704 est
232 2635 472 2713 Ciceronianae
495 2636 623 2728 (narn,
652 2636 789 2704 etiarnsi
812 2650 950 2704 tacetur
976 2634 1162 2706 Ciceronis

157 2764 304 2830 nomen,
325 2741 536 2810 memoriam
560 2738 684 2809 saltem
705 2738 829 2808 adesse
852 2736 1020 2808 scribenti
1042 2740 1157 2809 mani-

156 2851 284 2922 festum
311 2850 399 2944 est);
429 2871 580 2941 eamque
603 2847 767 2942 objurgat
787 2843 1001 2934 assidentem
1013 2847 1132 2941 pusill

153 2968 219 3048 rei,
242 2962 352 3032 verbis
366 2963 389 3051 ⁸,
412 2975 447 3030 et
470 2958 623 3030 multum
646 2956 831 3027 habentem
859 2957 978 3026 inante
1002 2973 1040 3025 et
1061 2961 1153 3042 vani,

151 3072 236 3167 plur
254 3090 440 3143 sonantem
466 3095 574 3169 quum
592 3069 776 3140 ualentem.
803 3064 873 3136 Sed
897 3065 998 3136 brevi
1020 3065 1155 3161 impru-

155 3181 245 3252 dens
262 3182 368 3252 tradit
381 3207 419 3251 se
430 3183 548 3278 ipsum
571 3207 578 3250 :
602 3178 734 3266 «Quid
758 3177 858 3274 quod
880 3200 926 3245 ne
945 3175 1157 3272 voluptatem

155 3290 301 3388 quidem
326 3289 435 3361 ullam
459 3290 568 3361 habet
595 3289 675 3359 talis
700 3288 897 3358 verborum
923 3287 998 3357 sine
1015 3287 1156 3357 delectu

154 3402 334 3473 ruentium
348 3401 573 3498 strepitus...
590 3398 687 3484 Quid
703 3399 799 3467 enim
811 3395 1052 3492 quisudiscerm
1069 3393 1159 3490 quid

155 3513 285 3584 imitari
310 3511 463 3584 veliti...
495 3510 620 3582 Cicero
647 3500 793 3604 quoque
819 3520 940 3576 noster
974 3505 1158 3601 gradarius

154 3624 240 3715 suit3
260 3627 441 3694 Romanus
460 3647 578 3693 sermo
592 3621 757 3716 mugisse
776 3617 1017 3716 circumspicit
1034 3617 1158 3714 (quum

196 3813 415 3878 l.Suasor.,t.
747 3858 751 3869 ,

141 3914 153 3953 .“
196 3903 226 3959 2.
241 3901 284 3958 cf.
301 3897 436 3971 Quintil,
450 3900 491 3968 X,
505 3916 528 3967 1,
544 3897 602 3953 tat
616 3913 659 3972 sq.

198 3995 227 4051 3.
244 3993 456 4062 Sueton.‚Cal.,
471 3992 520 4047 53.

200 4085 230 4142 4.
248 4084 356 4157 Epist„
373 4083 406 4153 C,
421 4082 470 4137 10.
