2804 4980
523 419 529 431 ·
635 368 833 463 ..ss-

293 540 623 639 Fueruntprolecto
638 556 720 638 post
732 538 941 612 Ciceronem
960 522 1247 669 praestantissima

243 653 405 749 ingenia,
424 667 460 725 et
482 677 561 750 quae
583 667 683 725 tanto
704 653 780 724 viro
804 652 861 724 vel
885 653 1121 750 aequiparare,
1139 651 1246 725 vel
1219 677 1256 724 sr-

241 758 372 875 placet,
387 789 596 875 praeponere
610 790 732 864 queas.
753 770 875 862 Neque
888 765 948 838 hlc
962 764 1031 837 de
1022 767 1247 862 ingeniorum

242 877 479 978 ¹amplitudine
490 892 598 978 atque
614 879 742 951 ordine
759 878 1051 995 disceptatione,
1068 877 1248 953 verumde

241 1016 332 1091 pura
359 1007 396 1064 et
421 1016 508 1065 sana
530 1008 565 1064 et
588 991 724 1089 integra
746 980 977 1090 eloquentiae
982 993 1112 1091 specie.
1134 978 1248 1064 Nemo

243 1115 349 1198 negat
378 1096 456 1174 esse
486 1100 660 1200 aliquid
651 1127 687 1173 tn
717 1101 950 1173 Ciceroniana
979 1101 1250 1203 compositione

243 1209 528 1308 magnificentius
564 1236 606 1283 ae
632 1211 905 1283 redundantius.
942 1210 1012 1283 Se'd
1043 1210 1250 1284 consideres

230 1317 337 1414 ¹lianc
355 1320 595 1418 eloquentiam
614 1347 697 1395 cum
716 1322 788 1393 suis
806 1321 945 1393 mendis
962 1321 1179 1419 (qnid'enim
1197 1339 1251 1396 est

243 1432 394 1503 omnino
409 1432 639 1505 emendatum
654 1432 920 1535 acuperfectum,
939 1431 1038 1531 quod
1049 1425 1264 1513 humanum

188 1581 190 1585 v
242 1540 356 1636 est?);
368 1555 504 1638 quanto
517 1541 698 1613 videbitur
710 1541 774 1613 tibi
788 1542 885 1613 cultu
900 1541 1255 1633 modestior,·ornatu

193 1682 196 1687 ·
242 1650 450 1750 simplicior,
470 1665 549 1724 toto
566 1649 723 1750 denique
738 1652 863 1725 habitu
887 1655 1073 1746 austerior,
1094 1653 1251 1750 virisque

243 1778 277 1861 et
295 1762 509 1859 gravissimis
525 1764 610 1835 viris
627 1763 781 1860 dignior,
794 1789 903 1862 quam
920 1789 962 1837 ea
979 1789 1059 1862 quae
1066 1789 1132 1863 per
1144 1764 1251 1845 scho-

225 1872 385 1945 lasticos
419 1873 631 1967 increbuit,
645 1899 710 1973 per
738 1881 778 1946 L
807 1880 982 1948 Senecam
1014 1874 1186 1947 illustrata
1208 1897 1251 1948 ac

243 1997 454 2083 propagata
462 1999 515 2054 est
525 1985 612 2054 *tsi
638 1983 727 2081 quid
750 1984 906 2055 enimin
930 1983 990 2086 illa
1012 1981 1189 2081 redundat
1216 1997 1253 2056 et

244 2092 376 2184 effluit,
405 2093 488 2163 satis
513 2090 741 2173 manifestum
765 2107 818 2164 est
843 2092 881 2163 id
897 2092 1043 2164 nonnisi
1066 2077 1251 2164 incautum

245 2218 426 2276 oratorem
448 2195 673 2302 praeteriisse3
664 2202 772 2274 ··haec
789 2218 914 2275 contra
937 2202 1118 2275 consulto
1115 2205 1251 2301 exqui-

243 2318 310 2388 sita
327 2331 400 2408 est,
426 2341 494 2388 neo
520 2317 657 2407 desistit
676 2340 713 2387 se
736 2316 1028 2415 circumspicere,
1047 2330 1083 2391 ct
1099 2314 1197 2387 velut
1212 2316 1249 2386 in

245 2426 391 2524 speculo
408 2426 542 2515 mirari,
557 2450 666 2530 quarn
683 2425 834 2525 pulchra
847 2423 915 2498 estl
934 2417 1040 2515 Dicas
1059 2423 1157 2501 illinc
1173 2447 1251 2494 ma·

244 2549 388 2606 tronam
414 2537 654 2633 praedivitem,
688 2534 872 2608 munditiis
895 2551 930 2608 et
952 2536 1083 2633 insigni
1104 2549 1248 2627 ornatu,

245 2642 308 2739 qui
331 2640 494 2738 dignitati
511 2667 582 2714 suae
600 2642 836 2741 respondeat,
865 2643 1080 2741 gaudentem
1104 2668 1153 2722 ae
1171 2642 1251 2739 glo·

244 2751 416 2840 riautem3
441 2751 528 2823 hinc
550 2752 789 2842 meretricem,
815 2778 894 2850 quae
916 2768 951 2824 et
974 2753 1076 2850 pictis
1094 2750 1252 2825 vestibus

240 2869 288 2945 'et
303 2885 392 2933 auro
412 2876 447 2932 et
463 2864 613 2958 gemmis
631 2876 668 2932 et
683 2862 862 2935 saltatario
887 2864 1025 2947 incessu
1046 2861 1085 2967 id
1103 2863 1190 2959 agit,
1213 2875 1251 2963 ut
1274 2891 1277 2897 ·

288 3117 316 3181 1.
340 3113 451 3174 Videsis
478 3132 565 3191 quarn
588 3113 625 3172 de
648 3126 771 3191 utraque
794 3116 867 3174 serat
886 3113 1058 3173 sententiam
1076 3111 1251 3171 clarissimus

244 3196 440 3282 ‘philosophus
453 3203 532 3262 idem
547 3216 575 3262 et
582 3203 705 3282 scriptor
715 3205 859 3285 egregius,
869 3210 957 3280 Baco,
974 3209 1018 3262 De
1030 3208 1135 3281 Angm.
1150 3204 1248 3261 scient.

246 3296 272 3368 t,
296 3295 391 3351 27-30
409 3313 415 3348 :
435 3319 448 3344 ι
467 3296 570 3370 Neque
592 3307 701 3352 temere
715 3293 911 3353 damnandum
926 3307 980 3367 est,
1001 3293 1026 3352 si
1039 3293 1103 3370 quis
1118 3291 1251 3370 philoso-

247 3381 323 3460 phiae
336 3381 459 3441 obscura
476 3395 505 3441 et
519 3402 621 3462 aspera
635 3381 793 3441 verborum
810 3383 965 3462 splendore
981 3378 1105 3440 illustret
1117 3393 1146 3438 et
1159 3399 1251 3458 expo·
1333 3452 1336 3457 ζ

247 3472 298 3531 liat
301 3516 388 3532 .......
411 3476 519 3532 Verum
547 3486 644 3532 tamen
667 3473 788 3547 hujusce
802 3475 845 3533 rei
868 3493 1001 3533 excessus
1021 3474 1098 3547 juste
1123 3484 1253 3530 contem·

247 3561 328 3621 nitur
330 3607 418 3622 .......
438 3562 528 3621 Aliud
551 3575 642 3622 totum
661 3564 691 3622 in
715 3584 751 3623 eo
774 3577 835 3639 est,
856 3577 889 3623 ut
906 3563 997 3624 verba
1021 3565 1079 3622 sint
1100 3562 1249 3636 aculeata,

249 3651 397 3710 sententiae
411 3651 544 3726 concisae,
553 3653 646 3712 oratio
658 3654 784 3732 denique
799 3655 909 3741 potius
908 3675 992 3714 versa
1000 3652 1156 3732 quamiusa
1159 3695 1247 3711 .......

248 3740 337 3798 Tale
329 3741 517 3806 ‚inveniturin
531 3742 639 3800 Seneca
653 3743 803 3818 effusius,
795 3765 825 3802 m
834 3733 931 3804 Tacito
943 3743 1128 3802 moderatius.
1143 3746 1251 3800 Verum

248 3824 326 3890 hoc
317 3853 411 3911 rpsum
426 3833 642 3893 mediocribus
633 3834 758 3913 ingeniis
771 3848 885 3915 gratum
900 3855 962 3894 esse
976 3835 1059 3908 solet,
1075 3834 1148 3892 adeo
1160 3845 1200 3891 ut
1205 3832 1250 3890 di·

250 3921 387 4002 gnitatem
401 3923 557 4001 'quamdam
572 3924 675 3983 litteris
693 3924 842 3995 conciliet;
862 3938 987 3984 attamen
1001 3923 1146 3999 ajudiciis
1159 3920 1251 4002 magis

246 4009 354 4070 limatis
368 4012 471 4071 merito
494 4012 650 4088 fastiditur,
665 4029 755 4092 quum
776 4012 812 4072 sit
824 4013 982 4075 verborum
995 4013 1083 4073 etiam
1103 4024 1132 4073 et
1149 4029 1251 4105 eorum

141 4151 144 4154 .
250 4101 448 4162 concinnitatis
461 4102 618 4185 aucupium
631 4102 789 4184 quoddam.
809 4129 823 4157 ι·
856 4175 859 4180 ,
