2804 4980
694 327 890 398 ..84-

290 478 413 573 dinem
424 480 600 576 respicere
616 477 755 569 videtur
767 478 1021 571 Quintilianus,
1037 504 1143 575 aquo
1155 483 1291 581 optime

276 669 279 674 ,
284 587 465 682 judicatur
479 584 626 673 ardens,
635 588 841 672 concitatur,
863 587 1045 658 sententiaa·
1056 588 1288 680 clarissimus,

288 696 486 768 oratoribus
502 698 615 796 mergis
633 723 741 795 quam
751 700 866 794 poetis
881 697 1200 790 annunterundud.
1222 704 1293 772 Nc·

210 861 213 865 ψ
288 835 359 908 que
371 810 413 895 id
427 825 566 904 tautum
581 807 630 880 ob
645 831 854 881 numerosas
866 810 1060 882 conciones
1074 810 1210 899 dictum
1223 826 1288 901 est,

288 922 420 1020 quibus
450 934 561 994 scatet
590 923 666 1019 ejus
691 945 840 1020 poema,
867 920 1005 1010 sedob
1032 939 1150 996 totum
1175 948 1288 1022 opus,

275 1035 392 1133 ,quale
408 1049 481 1106 est.
495 1123 497 1127 Ι
511 1035 599 1121 Quis
624 1060 699 1105 non
727 1050 896 1131 agnoscat
922 1035 1055 1134 ubique
1081 1057 1291 1119 communes

287 1144 505 1216 scholasticis
517 1146 861 1218 mmai-convicium
876 1146 1007 1240 saeculi,
1024 1149 1125 1246 quod
1144 1149 1292 1220 minime

287 1253 510 1352 demonstrat
532 1260 647 1330 inesse
673 1258 811 1328 auctori
829 1259 1038 1350 virtutem²3
1058 1260 1183 1332 laudes
1203 1285 1293 1358 pau·

288 1369 433 1465 pertalis
450 1392 491 1439 ac
510 1368 778 1460 mediocritatis,
794 1394 877 1464 quae
891 1394 957 1441 nec
974 1360 1157 1442 avaritiam
1174 1369 1292 1441 exclu-

288 1476 391 1569 dunt,
409 1502 476 1548 nec
490 1477 850 1569 ambitionemPJQuis
865 1504 940 1557 non
960 1495 1129 1576 agnoscat
1140 1480 1294 1578 descrip-

287 1586 529 1660 tiuncularum
547 1612 720 1680 amorem,
738 1589 995 1660 sententiarum
1013 1589 1289 1678 affectationem,
1382 1605 1385 1610 ’

279 1695 605 1795 ⁴recisaeactruncae
615 1692 787 1766 orationis
799 1694 982 1766 studium?
997 1700 1125 1769 Versus
1138 1696 1214 1788 ilie,
1229 1721 1292 1781 sae·

288 1800 432 1903 pissime
458 1807 662 1904 repetitus,¹
680 1805 742 1902 qui
771 1806 950 1903 producta
977 1829 1108 1895 caesura
1134 1804 1291 1892 velutin

287 1913 377 1984 duas
395 1930 513 2012 partes
532 1915 665 1986 divisus
688 1930 760 2005 est,
786 1937 910 1985 nonne
932 1912 1164 2006 scholasticos
1180 1913 1292 2003 sensi-

286 2022 387 2094 culos
404 2023 540 2116 reddit,
557 2048 577 2094 a
595 2029 632 2096 L.
653 2027 788 2096 Seneca
806 2023 990 2121 vulgatos?

331 2197 370 2259 ln
385 2218 418 2259 se
435 2217 551 2284 magna
566 2211 687 2260 ruunt:
706 2195 786 2259 laetis
802 2195 889 2260 hunc
905 2190 1037 2260 numina
1052 2194 1148 2260 rebus

330 2283 500 2360 Crescendi
514 2319 649 2384 posuere
667 2295 813 2361 modum.
832 2297 901 2361 Nec
916 2297 1063 2386 gentibus
1077 2296 1149 2360 ullis

298 2418 318 2492 j·
331 2397 525 2462 Commodat
538 2399 571 2460 in
588 2396 745 2487 populum
760 2413 852 2462 terrae
867 2397 1034 2487 pelagique
1049 2412 1214 2486 potentem

320 2489 490 2593 ,invidiam
505 2499 649 2561 Fortuna
666 2497 776 2562 suam⁸
783 2547 1163 2565 ...........
1272 2534 1275 2539 ’

297 2766 300 2770 ,
336 2675 438 2758 Hanc
461 2670 558 2741 enim
583 2695 706 2768 versus
730 2668 936 2764 formulam,
958 2686 1134 2769 quantum
1159 2654 1289 2769 potuit,
1360 2750 1363 2757 ,

286 2780 471 2878 usurpavit
480 2785 656 2871 Lucanus,
666 2781 741 2877 jam
755 2797 839 2853 ante
853 2781 899 2854 ab
914 2783 1044 2855 Ouidio
1061 2781 1242 2855 laudatam
1257 2795 1293 2853 et

288 2890 443 2992 amatam
460 2891 483 2978 ⁸,
518 2916 585 2962 nec
603 2893 765 2987 ignotam
784 2894 940 2984 Maroni,
962 2909 999 2966 at
1023 2895 1142 2968 miuus
1170 2890 1292 2963 tamen

288 3001 539 3100 intemperanti
558 3002 688 3074 ardore
705 3002 896 3101 prolatam.

338 3108 391 3179 Ad
417 3109 538 3180 vivum
564 3115 736 3211 expressit
757 3110 899 3184 Boloeus
920 3125 1044 3183 noster
1066 3106 1288 3199 iuvenalem,

283 3240 399 3317 rquum
412 3217 523 3290 dixit:

326 3442 356 3496 1.
371 3443 442 3495 Inst.
458 3451 545 3512 orat,
556 3439 593 3516 X,
611 3442 641 3514 i,
658 3443 724 3502 90..
1288 3497 1291 3502 .

325 3531 357 3585 Ξ.
380 3530 528 3606 compone
547 3548 613 3588 cum
637 3530 798 3608 fragmento
816 3528 942 3606 quodam
957 3527 1077 3588 Fabiani
1094 3531 1139 3585 De
1159 3525 1307 3590 bellorum.

286 3619 415 3705 civilium
431 3621 523 3680 causis
533 3622 686 3698 (Contrua,
701 3622 741 3694 11,
758 3623 788 3693 9)
801 3619 1033 3691 versusLucaui,
1045 3622 1078 3676 1:

425 3748 429 3755 '
435 3787 515 3804 .....
522 3748 655 3804 Suberant
665 3724 712 3801 sed
722 3747 830 3820 publica
839 3747 902 3801 hetti

430 3831 537 3903 Semina
542 3866 676 3886 ........

282 3986 285 3993 .
331 3943 359 3999 3.
382 3940 484 3999 Phara.
499 3944 523 3998 1.

333 4034 365 4094 4.
386 4029 430 4090 ef.
446 4034 486 4088 M.
499 4033 616 4102 Senem,
634 4030 772 4102 Contrua,
785 4025 837 4086 lib.
850 4025 930 4106 vulg'.
945 4022 999 4101 111,
1014 4027 1064 4084 to.
1089 4082 1093 4091 ,
