<?xml version="1.0" encoding="UTF-8"?>
<!DOCTYPE html PUBLIC "-//W3C//DTD XHTML 1.0 Transitional//EN"
    "http://www.w3.org/TR/xhtml1/DTD/xhtml1-transitional.dtd">
<html xmlns="http://www.w3.org/1999/xhtml" xml:lang="en" lang="en">
 <head>
  <title>
</title>
<meta http-equiv="Content-Type" content="text/html;charset=utf-8" />
  <meta name='ocr-system' content='tesseract 3.04.00' />
  <meta name='ocr-capabilities' content='ocr_page ocr_carea ocr_par ocr_line ocrx_word'/>
</head>
<body>
  <div class='ocr_page' id='page_1' title='image "./decorruptapostc00chasgoog_0045.png"; bbox 0 0 2804 4980; ppageno 0'>
   <div class='ocr_carea' id='block_1_1' title="bbox 594 359 791 437">
    <p class='ocr_par' dir='ltr' id='par_1_1' title="bbox 594 359 791 437">
     <span class='ocr_line' id='line_1_1' title="bbox 594 359 791 437; baseline 0 -23"><span class='ocrx_word' id='word_1_1' title='bbox 594 359 791 437; x_wconf 66' lang='lat'><strong>..34-</strong></span> 
     </span>
    </p>
   </div>
   <div class='ocr_carea' id='block_1_2' title="bbox 194 503 1219 2989">
    <p class='ocr_par' dir='ltr' id='par_1_2' title="bbox 194 503 1217 2738">
     <span class='ocr_line' id='line_1_2' title="bbox 195 503 1200 611; baseline 0.004 -30"><span class='ocrx_word' id='word_1_2' title='bbox 195 533 267 611; x_wconf 89' lang='lat' dir='ltr'><strong>que</strong></span> <span class='ocrx_word' id='word_1_3' title='bbox 277 531 369 607; x_wconf 83' lang='lat' dir='ltr'><strong>saepe</strong></span> <span class='ocrx_word' id='word_1_4' title='bbox 385 519 482 578; x_wconf 81' lang='lat' dir='ltr'><strong>extra</strong></span> <span class='ocrx_word' id='word_1_5' title='bbox 495 503 623 597; x_wconf 82' lang='lat' dir='ltr'><strong>iidem,</strong></span> <span class='ocrx_word' id='word_1_6' title='bbox 642 521 697 596; x_wconf 89' lang='lat' dir='ltr'><strong>ut,</strong></span> <span class='ocrx_word' id='word_1_7' title='bbox 716 531 831 605; x_wconf 92' lang='lat' dir='ltr'><strong>quum</strong></span> <span class='ocrx_word' id='word_1_8' title='bbox 847 507 925 606; x_wconf 90' lang='lat' dir='ltr'><strong>ipse</strong></span> <span class='ocrx_word' id='word_1_9' title='bbox 940 508 1034 582; x_wconf 84' lang='lat' dir='ltr'>sorte</span> <span class='ocrx_word' id='word_1_10' title='bbox 1045 525 1200 587; x_wconf 72' lang='lat' dir='ltr'><strong>conuo-</strong></span> 
     </span>
     <span class='ocr_line' id='line_1_3' title="bbox 194 618 1201 719; baseline 0.007 -25"><span class='ocrx_word' id='word_1_11' title='bbox 194 622 318 695; x_wconf 86' lang='lat' dir='ltr'><strong>versiae</strong></span> <span class='ocrx_word' id='word_1_12' title='bbox 347 618 542 719; x_wconf 89' lang='lat' dir='ltr'><strong>quamdam</strong></span> <span class='ocrx_word' id='word_1_13' title='bbox 569 633 683 717; x_wconf 90' lang='lat' dir='ltr'><strong>ponat</strong></span> <span class='ocrx_word' id='word_1_14' title='bbox 710 619 919 712; x_wconf 79' lang='lat' dir='ltr'><strong>materiam,</strong></span> <span class='ocrx_word' id='word_1_15' title='bbox 947 622 1201 701; x_wconf 74' lang='lat' dir='ltr'><strong>scholasticam</strong></span> 
     </span>
     <span class='ocr_line' id='line_1_4' title="bbox 195 724 1205 835; baseline 0.004 -28"><span class='ocrx_word' id='word_1_16' title='bbox 195 735 342 834; x_wconf 89' lang='lat' dir='ltr'><strong>quidem</strong></span> <span class='ocrx_word' id='word_1_17' title='bbox 359 733 454 805; x_wconf 91' lang='lat' dir='ltr'><strong>hanc</strong></span> <span class='ocrx_word' id='word_1_18' title='bbox 471 757 546 805; x_wconf 90' lang='lat' dir='ltr'><strong>esse</strong></span> <span class='ocrx_word' id='word_1_19' title='bbox 562 745 722 824; x_wconf 87' lang='lat' dir='ltr'><strong>moneat,</strong></span> <span class='ocrx_word' id='word_1_20' title='bbox 739 731 804 806; x_wconf 87' lang='lat' dir='ltr'><strong>sed</strong></span> <span class='ocrx_word' id='word_1_21' title='bbox 817 759 890 805; x_wconf 87' lang='lat' dir='ltr'><strong>non</strong></span> <span class='ocrx_word' id='word_1_22' title='bbox 906 760 982 834; x_wconf 81' lang='lat' dir='ltr'><strong>quae</strong></span> <span class='ocrx_word' id='word_1_23' title='bbox 998 724 1071 809; x_wconf 88' lang='lat' dir='ltr'><strong>non</strong></span> <span class='ocrx_word' id='word_1_24' title='bbox 1081 739 1205 835; x_wconf 77' lang='lat' dir='ltr'><strong>possit</strong></span> 
     </span>
     <span class='ocr_line' id='line_1_5' title="bbox 195 844 1201 942; baseline 0.004 -21"><span class='ocrx_word' id='word_1_25' title='bbox 195 846 353 921; x_wconf 72' lang='lat' dir='ltr'><strong>mordere</strong></span> <span class='ocrx_word' id='word_1_26' title='bbox 362 850 385 918; x_wconf 88' lang='lat'><strong>¹.</strong></span> <span class='ocrx_word' id='word_1_27' title='bbox 421 845 531 934; x_wconf 88' lang='lat' dir='ltr'><strong>Quasi</strong></span> <span class='ocrx_word' id='word_1_28' title='bbox 555 845 727 918; x_wconf 88' lang='lat' dir='ltr'><strong>nimirum</strong></span> <span class='ocrx_word' id='word_1_29' title='bbox 754 844 853 918; x_wconf 89' lang='lat' dir='ltr'><strong>idem</strong></span> <span class='ocrx_word' id='word_1_30' title='bbox 887 847 933 920; x_wconf 90' lang='lat' dir='ltr'><strong>sit</strong></span> <span class='ocrx_word' id='word_1_31' title='bbox 963 848 1201 942; x_wconf 83' lang='lat' dir='ltr'><strong>scholastica,</strong></span> 
     </span>
     <span class='ocr_line' id='line_1_6' title="bbox 195 959 1204 1063; baseline 0 -28"><span class='ocrx_word' id='word_1_32' title='bbox 195 962 294 1037; x_wconf 92' lang='lat' dir='ltr'><strong>idem</strong></span> <span class='ocrx_word' id='word_1_33' title='bbox 324 959 542 1033; x_wconf 85' lang='lat' dir='ltr'><strong>incredibilis</strong></span> <span class='ocrx_word' id='word_1_34' title='bbox 570 960 732 1032; x_wconf 88' lang='lat' dir='ltr'><strong>materia.</strong></span> <span class='ocrx_word' id='word_1_35' title='bbox 751 960 818 1031; x_wconf 85' lang='lat' dir='ltr'><strong>Vix</strong></span> <span class='ocrx_word' id='word_1_36' title='bbox 844 961 943 1033; x_wconf 88' lang='lat' dir='ltr'><strong>euim</strong></span> <span class='ocrx_word' id='word_1_37' title='bbox 967 962 1066 1037; x_wconf 89' lang='lat' dir='ltr'><strong>credi</strong></span> <span class='ocrx_word' id='word_1_38' title='bbox 1081 976 1204 1063; x_wconf 80' lang='lat' dir='ltr'><strong>potest</strong></span> 
     </span>
     <span class='ocr_line' id='line_1_7' title="bbox 194 1072 1205 1172; baseline 0.002 -25"><span class='ocrx_word' id='word_1_39' title='bbox 194 1077 305 1165; x_wconf 71' lang='lat' dir='ltr'><strong>virm,</strong></span> <span class='ocrx_word' id='word_1_40' title='bbox 320 1089 356 1145; x_wconf 90' lang='lat' dir='ltr'><strong>et</strong></span> <span class='ocrx_word' id='word_1_41' title='bbox 373 1098 435 1144; x_wconf 91' lang='lat' dir='ltr'><strong>eos</strong></span> <span class='ocrx_word' id='word_1_42' title='bbox 451 1072 662 1172; x_wconf 88' lang='lat' dir='ltr'><strong>plerumque</strong></span> <span class='ocrx_word' id='word_1_43' title='bbox 676 1087 778 1145; x_wconf 85' lang='lat' dir='ltr'><strong>aetate</strong></span> <span class='ocrx_word' id='word_1_44' title='bbox 797 1089 970 1167; x_wconf 87' lang='lat' dir='ltr'><strong>maturos,</strong></span> <span class='ocrx_word' id='word_1_45' title='bbox 986 1078 1093 1170; x_wconf 84' lang='lat' dir='ltr'><strong>serio,</strong></span> <span class='ocrx_word' id='word_1_46' title='bbox 1108 1103 1205 1149; x_wconf 90' lang='lat' dir='ltr'><strong>nun·</strong></span> 
     </span>
     <span class='ocr_line' id='line_1_8' title="bbox 196 1187 1203 1288; baseline 0.004 -28"><span class='ocrx_word' id='word_1_47' title='bbox 196 1214 308 1287; x_wconf 90' lang='lat' dir='ltr'><strong>quam</strong></span> <span class='ocrx_word' id='word_1_48' title='bbox 330 1187 488 1260; x_wconf 87' lang='lat' dir='ltr'><strong>admisso</strong></span> <span class='ocrx_word' id='word_1_49' title='bbox 516 1187 604 1279; x_wconf 85' lang='lat' dir='ltr'><strong>risu,</strong></span> <span class='ocrx_word' id='word_1_50' title='bbox 623 1202 790 1261; x_wconf 82' lang='lat' dir='ltr'><strong>tractasse</strong></span> <span class='ocrx_word' id='word_1_51' title='bbox 808 1187 956 1285; x_wconf 89' lang='lat' dir='ltr'><strong>hujusce</strong></span> <span class='ocrx_word' id='word_1_52' title='bbox 973 1189 1075 1262; x_wconf 92' lang='lat' dir='ltr'><strong>modi</strong></span> <span class='ocrx_word' id='word_1_53' title='bbox 1091 1216 1203 1288; x_wconf 82' lang='lat' dir='ltr'><strong>argu-</strong></span> 
     </span>
     <span class='ocr_line' id='line_1_9' title="bbox 197 1300 1204 1403; baseline 0.003 -28"><span class='ocrx_word' id='word_1_54' title='bbox 197 1318 330 1391; x_wconf 82' lang='lat' dir='ltr'><strong>menta,</strong></span> <span class='ocrx_word' id='word_1_55' title='bbox 347 1326 505 1399; x_wconf 87' lang='lat' dir='ltr'><strong>quorum</strong></span> <span class='ocrx_word' id='word_1_56' title='bbox 520 1301 578 1372; x_wconf 85' lang='lat' dir='ltr'><strong>vel</strong></span> <span class='ocrx_word' id='word_1_57' title='bbox 601 1300 695 1372; x_wconf 89' lang='lat' dir='ltr'><strong>tituli</strong></span> <span class='ocrx_word' id='word_1_58' title='bbox 712 1302 841 1400; x_wconf 90' lang='lat' dir='ltr'><strong>partim</strong></span> <span class='ocrx_word' id='word_1_59' title='bbox 859 1301 932 1373; x_wconf 86' lang='lat' dir='ltr'><strong>ficti</strong></span> <span class='ocrx_word' id='word_1_60' title='bbox 955 1319 1051 1395; x_wconf 87' lang='lat' dir='ltr'><strong>sunt,</strong></span> <span class='ocrx_word' id='word_1_61' title='bbox 1070 1306 1204 1403; x_wconf 90' lang='lat' dir='ltr'><strong>partim</strong></span> 
     </span>
     <span class='ocr_line' id='line_1_10' title="bbox 196 1411 1204 1508; baseline 0.002 -20"><span class='ocrx_word' id='word_1_62' title='bbox 196 1414 351 1488; x_wconf 80' lang='lat' dir='ltr'><strong>ridiculi.</strong></span> <span class='ocrx_word' id='word_1_63' title='bbox 369 1419 406 1485; x_wconf 90' lang='lat' dir='ltr'><em>V</em></span> <span class='ocrx_word' id='word_1_64' title='bbox 402 1417 436 1485; x_wconf 83' lang='lat' dir='ltr'><strong>ir</strong></span> <span class='ocrx_word' id='word_1_65' title='bbox 439 1411 556 1508; x_wconf 84' lang='lat' dir='ltr'><strong>fortis</strong></span> <span class='ocrx_word' id='word_1_66' title='bbox 568 1416 646 1483; x_wconf 82' lang='lat' dir='ltr'><strong>sane</strong></span> <span class='ocrx_word' id='word_1_67' title='bbox 663 1438 786 1484; x_wconf 84' lang='lat' dir='ltr'><strong>manu.</strong></span> <span class='ocrx_word' id='word_1_68' title='bbox 803 1456 852 1468; x_wconf 94' lang='lat'><em>-</em></span> <span class='ocrx_word' id='word_1_69' title='bbox 869 1418 1088 1489; x_wconf 79' lang='lat' dir='ltr'><strong>Lusuriosus</strong></span> <span class='ocrx_word' id='word_1_70' title='bbox 1106 1445 1131 1488; x_wconf 88' lang='lat' dir='ltr'><strong>u</strong></span> <span class='ocrx_word' id='word_1_71' title='bbox 1144 1436 1204 1490; x_wconf 79' lang='lat' dir='ltr'><strong>so·-</strong></span> 
     </span>
     <span class='ocr_line' id='line_1_11' title="bbox 197 1528 1203 1631; baseline 0.004 -31"><span class='ocrx_word' id='word_1_72' title='bbox 197 1528 336 1600; x_wconf 85' lang='lat' dir='ltr'><strong>dalibus</strong></span> <span class='ocrx_word' id='word_1_73' title='bbox 363 1543 569 1599; x_wconf 78' lang='lat' dir='ltr'><strong>eneaecutus.</strong></span> <span class='ocrx_word' id='word_1_74' title='bbox 589 1568 638 1582; x_wconf 92' lang='lat'>-</span> <span class='ocrx_word' id='word_1_75' title='bbox 662 1531 822 1627; x_wconf 78' lang='lat' dir='ltr'><strong>Laqueus</strong></span> <span class='ocrx_word' id='word_1_76' title='bbox 847 1529 989 1600; x_wconf 79' lang='lat' dir='ltr'><strong>incisus.</strong></span> <span class='ocrx_word' id='word_1_77' title='bbox 1008 1571 1058 1584; x_wconf 92' lang='lat'>—</span> <span class='ocrx_word' id='word_1_78' title='bbox 1074 1531 1203 1631; x_wconf 83' lang='lat' dir='ltr'><strong>JusJ&#39;u-</strong></span> 
     </span>
     <span class='ocr_line' id='line_1_12' title="bbox 198 1638 1207 1717; baseline 0.006 -6"><span class='ocrx_word' id='word_1_79' title='bbox 198 1638 351 1712; x_wconf 87' lang='lat' dir='ltr'><strong>randum</strong></span> <span class='ocrx_word' id='word_1_80' title='bbox 376 1641 502 1711; x_wconf 83' lang='lat' dir='ltr'><strong>mariti</strong></span> <span class='ocrx_word' id='word_1_81' title='bbox 523 1656 559 1710; x_wconf 89' lang='lat' dir='ltr'><strong>et</strong></span> <span class='ocrx_word' id='word_1_82' title='bbox 581 1642 717 1713; x_wconf 66' lang='lat' dir='ltr'><strong>uaeris</strong></span> <span class='ocrx_word' id='word_1_83' title='bbox 732 1682 781 1694; x_wconf 92' lang='lat'>-</span> <span class='ocrx_word' id='word_1_84' title='bbox 798 1644 994 1714; x_wconf 67' lang='lat' dir='ltr'><strong>Dementia</strong></span> <span class='ocrx_word' id='word_1_85' title='bbox 1015 1660 1207 1717; x_wconf 79' lang='lat' dir='ltr'><strong>accusatur</strong></span> 
     </span>
     <span class='ocr_line' id='line_1_13' title="bbox 198 1751 1209 1854; baseline -0.001 -28"><span class='ocrx_word' id='word_1_86' title='bbox 198 1754 388 1854; x_wconf 77' lang='lat' dir='ltr'><strong>quifilturn</strong></span> <span class='ocrx_word' id='word_1_87' title='bbox 399 1779 500 1826; x_wconf 77' lang='lat' dir='ltr'><strong>seruo</strong></span> <span class='ocrx_word' id='word_1_88' title='bbox 510 1751 651 1851; x_wconf 83' lang='lat' dir='ltr'><strong>junxit.</strong></span> <span class='ocrx_word' id='word_1_89' title='bbox 669 1794 719 1808; x_wconf 89' lang='lat'>-</span> <span class='ocrx_word' id='word_1_90' title='bbox 736 1753 908 1824; x_wconf 83' lang='lat' dir='ltr'><strong>Sacerdos</strong></span> <span class='ocrx_word' id='word_1_91' title='bbox 920 1758 1127 1851; x_wconf 78' lang='lat' dir='ltr'><strong>prostituta.</strong></span> <span class='ocrx_word' id='word_1_92' title='bbox 1153 1793 1209 1813; x_wconf 82' lang='lat'><strong>--</strong></span> 
     </span>
     <span class='ocr_line' id='line_1_14' title="bbox 201 1865 1204 1966; baseline 0.003 -27"><span class='ocrx_word' id='word_1_93' title='bbox 201 1875 337 1966; x_wconf 84' lang='lat' dir='ltr'><strong>Raptor</strong></span> <span class='ocrx_word' id='word_1_94' title='bbox 345 1866 564 1938; x_wconf 83' lang='lat' dir='ltr'><strong>duarum.-</strong></span> <span class='ocrx_word' id='word_1_95' title='bbox 575 1873 643 1936; x_wconf 89' lang='lat' dir='ltr'><strong>Ter</strong></span> <span class='ocrx_word' id='word_1_96' title='bbox 641 1865 822 1960; x_wconf 75' lang='lat' dir='ltr'><strong>sortis-</strong></span> <span class='ocrx_word' id='word_1_97' title='bbox 834 1869 959 1938; x_wconf 83' lang='lat' dir='ltr'><strong>Cavete</strong></span> <span class='ocrx_word' id='word_1_98' title='bbox 965 1867 1204 1966; x_wconf 81' lang='lat' dir='ltr'><strong>prodimrem.</strong></span> 
     </span>
     <span class='ocr_line' id='line_1_15' title="bbox 201 1978 1211 2088; baseline 0.004 -29"><span class='ocrx_word' id='word_1_99' title='bbox 201 2031 251 2045; x_wconf 93' lang='lat'>-</span> <span class='ocrx_word' id='word_1_100' title='bbox 271 1985 517 2087; x_wconf 73' lang='lat' dir='ltr'><strong>Tyrannicida</strong></span> <span class='ocrx_word' id='word_1_101' title='bbox 532 2003 569 2058; x_wconf 90' lang='lat' dir='ltr'><strong>et</strong></span> <span class='ocrx_word' id='word_1_102' title='bbox 582 1986 724 2058; x_wconf 79' lang='lat' dir='ltr'><strong>adulter</strong></span> <span class='ocrx_word' id='word_1_103' title='bbox 747 1990 931 2082; x_wconf 68' lang='lat' dir='ltr'><strong>tyrunnni.</strong></span> <span class='ocrx_word' id='word_1_104' title='bbox 950 2029 998 2044; x_wconf 89' lang='lat'><em>-</em></span> <span class='ocrx_word' id='word_1_105' title='bbox 1014 1995 1149 2088; x_wconf 73' lang='lat' dir='ltr'><strong>Rapsa</strong></span> <span class='ocrx_word' id='word_1_106' title='bbox 1166 1978 1211 2063; x_wconf 69' lang='lat' dir='ltr'><strong>an</strong></span> 
     </span>
     <span class='ocr_line' id='line_1_16' title="bbox 204 2099 1211 2193; baseline 0.002 -19"><span class='ocrx_word' id='word_1_107' title='bbox 204 2119 293 2174; x_wconf 80' lang='lat' dir='ltr'><strong>veste</strong></span> <span class='ocrx_word' id='word_1_108' title='bbox 309 2099 486 2186; x_wconf 84' lang='lat' dir='ltr'><strong>muliebri,</strong></span> <span class='ocrx_word' id='word_1_109' title='bbox 504 2105 606 2190; x_wconf 84' lang='lat' dir='ltr'><strong>etc.¹‚</strong></span> <span class='ocrx_word' id='word_1_110' title='bbox 623 2115 694 2172; x_wconf 87' lang='lat' dir='ltr'><strong>etc.</strong></span> <span class='ocrx_word' id='word_1_111' title='bbox 713 2105 811 2173; x_wconf 89' lang='lat' dir='ltr'><strong>luter</strong></span> <span class='ocrx_word' id='word_1_112' title='bbox 828 2116 881 2174; x_wconf 89' lang='lat' dir='ltr'><strong>tot</strong></span> <span class='ocrx_word' id='word_1_113' title='bbox 896 2102 1097 2193; x_wconf 84' lang='lat' dir='ltr'><strong>mendacia,</strong></span> <span class='ocrx_word' id='word_1_114' title='bbox 1117 2129 1211 2176; x_wconf 87' lang='lat' dir='ltr'><strong>num</strong></span> 
     </span>
     <span class='ocr_line' id='line_1_17' title="bbox 203 2211 1211 2313; baseline 0 -27"><span class='ocrx_word' id='word_1_115' title='bbox 203 2214 291 2313; x_wconf 90' lang='lat' dir='ltr'><strong>quid</strong></span> <span class='ocrx_word' id='word_1_116' title='bbox 307 2211 466 2289; x_wconf 87' lang='lat' dir='ltr'><strong>manebit</strong></span> <span class='ocrx_word' id='word_1_117' title='bbox 476 2213 680 2284; x_wconf 84' lang='lat' dir='ltr'><strong>sincerum?</strong></span> <span class='ocrx_word' id='word_1_118' title='bbox 690 2213 796 2285; x_wconf 86' lang='lat' dir='ltr'><strong>Nihil.</strong></span> <span class='ocrx_word' id='word_1_119' title='bbox 814 2213 1065 2286; x_wconf 81' lang='lat' dir='ltr'><strong>Adulterantur</strong></span> <span class='ocrx_word' id='word_1_120' title='bbox 1079 2215 1211 2313; x_wconf 82' lang='lat' dir='ltr'><strong>leges⁸,</strong></span> 
     </span>
     <span class='ocr_line' id='line_1_18' title="bbox 205 2326 1215 2423; baseline 0.001 -23"><span class='ocrx_word' id='word_1_121' title='bbox 205 2326 452 2400; x_wconf 81' lang='lat' dir='ltr'><strong>adulterantur</strong></span> <span class='ocrx_word' id='word_1_122' title='bbox 467 2326 557 2423; x_wconf 88' lang='lat' dir='ltr'><strong>juris</strong></span> <span class='ocrx_word' id='word_1_123' title='bbox 582 2328 737 2398; x_wconf 85' lang='lat' dir='ltr'><strong>Romani</strong></span> <span class='ocrx_word' id='word_1_124' title='bbox 750 2327 964 2418; x_wconf 75' lang='lat' dir='ltr'><strong>vocabula⁸,</strong></span> <span class='ocrx_word' id='word_1_125' title='bbox 987 2329 1215 2402; x_wconf 88' lang='lat' dir='ltr'><strong>adulteratur</strong></span> 
     </span>
     <span class='ocr_line' id='line_1_19' title="bbox 204 2439 1216 2538; baseline 0.006 -28"><span class='ocrx_word' id='word_1_126' title='bbox 204 2439 386 2511; x_wconf 72' lang='lat' dir='ltr'><strong>historia⁸.</strong></span> <span class='ocrx_word' id='word_1_127' title='bbox 400 2442 517 2525; x_wconf 88' lang='lat' dir='ltr'><strong>Quam</strong></span> <span class='ocrx_word' id='word_1_128' title='bbox 535 2439 583 2509; x_wconf 93' lang='lat' dir='ltr'><strong>ob</strong></span> <span class='ocrx_word' id='word_1_129' title='bbox 600 2441 764 2513; x_wconf 79' lang='lat' dir='ltr'><strong>causam?</strong></span> <span class='ocrx_word' id='word_1_130' title='bbox 784 2440 998 2526; x_wconf 84' lang='lat' dir='ltr'><strong>Enimvero,</strong></span> <span class='ocrx_word' id='word_1_131' title='bbox 1026 2466 1136 2538; x_wconf 86' lang='lat' dir='ltr'><strong>quam</strong></span> <span class='ocrx_word' id='word_1_132' title='bbox 1159 2439 1216 2516; x_wconf 87' lang='lat' dir='ltr'><strong>ob</strong></span> 
     </span>
     <span class='ocr_line' id='line_1_20' title="bbox 205 2549 1217 2650; baseline 0.003 -26"><span class='ocrx_word' id='word_1_133' title='bbox 205 2553 325 2637; x_wconf 83' lang='lat' dir='ltr'><strong>aliam,</strong></span> <span class='ocrx_word' id='word_1_134' title='bbox 341 2549 410 2621; x_wconf 90' lang='lat' dir='ltr'><strong>uisi</strong></span> <span class='ocrx_word' id='word_1_135' title='bbox 426 2565 466 2622; x_wconf 90' lang='lat' dir='ltr'><strong>ut</strong></span> <span class='ocrx_word' id='word_1_136' title='bbox 481 2575 539 2622; x_wconf 92' lang='lat' dir='ltr'><strong>res</strong></span> <span class='ocrx_word' id='word_1_137' title='bbox 550 2551 669 2648; x_wconf 88' lang='lat' dir='ltr'><strong>aliqua</strong></span> <span class='ocrx_word' id='word_1_138' title='bbox 682 2552 935 2650; x_wconf 81' lang='lat' dir='ltr'><strong>inexspectata,</strong></span> <span class='ocrx_word' id='word_1_139' title='bbox 952 2553 1088 2650; x_wconf 90' lang='lat' dir='ltr'><strong>aliquid</strong></span> <span class='ocrx_word' id='word_1_140' title='bbox 1100 2555 1217 2628; x_wconf 77' lang='lat' dir='ltr'><strong>min-</strong></span> 
     </span>
     <span class='ocr_line' id='line_1_21' title="bbox 209 2663 589 2738; baseline -0.008 -1"><span class='ocrx_word' id='word_1_141' title='bbox 209 2664 281 2738; x_wconf 88' lang='lat' dir='ltr'><strong>culi</strong></span> <span class='ocrx_word' id='word_1_142' title='bbox 295 2664 382 2736; x_wconf 90' lang='lat' dir='ltr'><strong>hinc</strong></span> <span class='ocrx_word' id='word_1_143' title='bbox 398 2663 560 2736; x_wconf 87' lang='lat' dir='ltr'><strong>trahatur</strong></span> <span class='ocrx_word' id='word_1_144' title='bbox 575 2664 589 2734; x_wconf 82' lang='lat' dir='ltr'><strong>l</strong></span> 
     </span>
    </p>

    <p class='ocr_par' dir='ltr' id='par_1_3' title="bbox 212 2777 1219 2989">
     <span class='ocr_line' id='line_1_22' title="bbox 256 2777 1219 2877; baseline 0.006 -28"><span class='ocrx_word' id='word_1_145' title='bbox 256 2783 345 2866; x_wconf 86' lang='lat' dir='ltr'><strong>Quae</strong></span> <span class='ocrx_word' id='word_1_146' title='bbox 363 2777 486 2850; x_wconf 88' lang='lat' dir='ltr'><strong>omnia</strong></span> <span class='ocrx_word' id='word_1_147' title='bbox 511 2779 661 2869; x_wconf 88' lang='lat' dir='ltr'><strong>nemini,</strong></span> <span class='ocrx_word' id='word_1_148' title='bbox 679 2779 824 2877; x_wconf 89' lang='lat' dir='ltr'><strong>opinor,</strong></span> <span class='ocrx_word' id='word_1_149' title='bbox 844 2805 919 2850; x_wconf 92' lang='lat' dir='ltr'><strong>non</strong></span> <span class='ocrx_word' id='word_1_150' title='bbox 939 2780 1054 2853; x_wconf 79' lang='lat' dir='ltr'><strong>iutilia</strong></span> <span class='ocrx_word' id='word_1_151' title='bbox 1070 2794 1105 2854; x_wconf 88' lang='lat' dir='ltr'><strong>et</strong></span> <span class='ocrx_word' id='word_1_152' title='bbox 1120 2781 1219 2855; x_wconf 90' lang='lat' dir='ltr'><strong>ridi-</strong></span> 
     </span>
     <span class='ocr_line' id='line_1_23' title="bbox 212 2890 1219 2989; baseline 0.005 -25"><span class='ocrx_word' id='word_1_153' title='bbox 212 2891 293 2964; x_wconf 90' lang='lat' dir='ltr'><strong>cula</strong></span> <span class='ocrx_word' id='word_1_154' title='bbox 314 2890 557 2982; x_wconf 86' lang='lat' dir='ltr'><strong>videbuntur;</strong></span> <span class='ocrx_word' id='word_1_155' title='bbox 590 2908 697 2989; x_wconf 90' lang='lat' dir='ltr'><strong>atque</strong></span> <span class='ocrx_word' id='word_1_156' title='bbox 723 2893 861 2966; x_wconf 89' lang='lat' dir='ltr'><strong>utinam</strong></span> <span class='ocrx_word' id='word_1_157' title='bbox 884 2894 926 2966; x_wconf 92' lang='lat' dir='ltr'><strong>iis</strong></span> <span class='ocrx_word' id='word_1_158' title='bbox 950 2895 1090 2969; x_wconf 88' lang='lat' dir='ltr'><strong>nullum</strong></span> <span class='ocrx_word' id='word_1_159' title='bbox 1116 2894 1219 2969; x_wconf 89' lang='lat' dir='ltr'><strong>aliud</strong></span> 
     </span>
    </p>
   </div>
   <div class='ocr_carea' id='block_1_3' title="bbox 212 3170 1226 3971">
    <p class='ocr_par' dir='ltr' id='par_1_4' title="bbox 253 3170 615 3245">
     <span class='ocr_line' id='line_1_24' title="bbox 253 3170 615 3245; baseline -0.011 -15"><span class='ocrx_word' id='word_1_160' title='bbox 253 3175 282 3230; x_wconf 85' lang='lat' dir='ltr'><strong>l.</strong></span> <span class='ocrx_word' id='word_1_161' title='bbox 299 3170 433 3245; x_wconf 79' lang='lat' dir='ltr'><strong>Quintil,</strong></span> <span class='ocrx_word' id='word_1_162' title='bbox 449 3173 505 3242; x_wconf 86' lang='lat' dir='ltr'><strong>XI,</strong></span> <span class='ocrx_word' id='word_1_163' title='bbox 524 3189 548 3240; x_wconf 89' lang='lat'><strong>1,</strong></span> <span class='ocrx_word' id='word_1_164' title='bbox 566 3171 615 3227; x_wconf 74' lang='lat'><strong>82.</strong></span> 
     </span>
    </p>

    <p class='ocr_par' dir='ltr' id='par_1_5' title="bbox 253 3262 705 3336">
     <span class='ocr_line' id='line_1_25' title="bbox 253 3262 705 3336; baseline -0.007 -18"><span class='ocrx_word' id='word_1_165' title='bbox 253 3263 282 3318; x_wconf 78' lang='lat'><strong>2.</strong></span> <span class='ocrx_word' id='word_1_166' title='bbox 299 3264 340 3318; x_wconf 89' lang='lat' dir='ltr'><strong>M.</strong></span> <span class='ocrx_word' id='word_1_167' title='bbox 355 3263 457 3319; x_wconf 87' lang='lat' dir='ltr'><strong>senec.</strong></span> <span class='ocrx_word' id='word_1_168' title='bbox 475 3262 615 3332; x_wconf 66' lang='lat' dir='ltr'><strong>Cannar„</strong></span> <span class='ocrx_word' id='word_1_169' title='bbox 629 3277 705 3336; x_wconf 82' lang='lat' dir='ltr'><strong>pass.</strong></span> 
     </span>
    </p>

    <p class='ocr_par' dir='ltr' id='par_1_6' title="bbox 254 3349 812 3423">
     <span class='ocr_line' id='line_1_26' title="bbox 254 3349 812 3423; baseline 0 -15"><span class='ocrx_word' id='word_1_170' title='bbox 254 3354 283 3408; x_wconf 89' lang='grc'><strong>3.</strong></span> <span class='ocrx_word' id='word_1_171' title='bbox 301 3349 375 3409; x_wconf 88' lang='lat' dir='ltr'><strong>lbid.</strong></span> <span class='ocrx_word' id='word_1_172' title='bbox 393 3354 418 3420; x_wconf 90' lang='lat' dir='ltr'><strong>I,</strong></span> <span class='ocrx_word' id='word_1_173' title='bbox 435 3351 742 3423; x_wconf 61' lang='lat' dir='ltr'><strong>annumeremus),</strong></span> <span class='ocrx_word' id='word_1_174' title='bbox 757 3361 812 3412; x_wconf 85' lang='lat' dir='ltr'><strong>etc.</strong></span> 
     </span>
    </p>

    <p class='ocr_par' dir='ltr' id='par_1_7' title="bbox 212 3437 1226 3971">
     <span class='ocr_line' id='line_1_27' title="bbox 253 3437 1224 3514; baseline 0.005 -17"><span class='ocrx_word' id='word_1_175' title='bbox 253 3445 282 3499; x_wconf 78' lang='lat' dir='ltr'><strong>l.</strong></span> <span class='ocrx_word' id='word_1_176' title='bbox 299 3438 511 3514; x_wconf 79' lang='lat' dir='ltr'><strong>Quintil.,v11,</strong></span> <span class='ocrx_word' id='word_1_177' title='bbox 524 3442 611 3510; x_wconf 84' lang='lat' dir='ltr'><strong>1v‚ll</strong></span> <span class='ocrx_word' id='word_1_178' title='bbox 624 3459 631 3493; x_wconf 79' lang='lat' dir='ltr'><strong>t</strong></span> <span class='ocrx_word' id='word_1_179' title='bbox 645 3464 658 3491; x_wconf 80' lang='lat' dir='ltr'><strong>a</strong></span> <span class='ocrx_word' id='word_1_180' title='bbox 669 3440 739 3511; x_wconf 83' lang='lat' dir='ltr'><strong>Quae</strong></span> <span class='ocrx_word' id='word_1_181' title='bbox 750 3437 780 3498; x_wconf 88' lang='lat' dir='ltr'><strong>in</strong></span> <span class='ocrx_word' id='word_1_182' title='bbox 792 3438 896 3498; x_wconf 88' lang='lat' dir='ltr'><strong>scholis</strong></span> <span class='ocrx_word' id='word_1_183' title='bbox 905 3439 1178 3513; x_wconf 85' lang='lat' dir='ltr'><strong>abdicatorum‚baec</strong></span> <span class='ocrx_word' id='word_1_184' title='bbox 1187 3445 1224 3509; x_wconf 87' lang='lat' dir='ltr'><strong>in</strong></span> 
     </span>
     <span class='ocr_line' id='line_1_28' title="bbox 212 3527 1226 3613; baseline 0.001 -22"><span class='ocrx_word' id='word_1_185' title='bbox 212 3533 277 3591; x_wconf 84' lang='lat' dir='ltr'><strong>loro</strong></span> <span class='ocrx_word' id='word_1_186' title='bbox 291 3531 561 3587; x_wconf 69' lang='lat' dir='ltr'><strong>exheredatorum</strong></span> <span class='ocrx_word' id='word_1_187' title='bbox 584 3527 752 3609; x_wconf 88' lang='lat' dir='ltr'><strong>parentibus</strong></span> <span class='ocrx_word' id='word_1_188' title='bbox 777 3542 805 3588; x_wconf 92' lang='lat' dir='ltr'><strong>et</strong></span> <span class='ocrx_word' id='word_1_189' title='bbox 833 3528 910 3589; x_wconf 89' lang='lat' dir='ltr'><strong>bona</strong></span> <span class='ocrx_word' id='word_1_190' title='bbox 932 3531 1010 3611; x_wconf 86' lang='lat' dir='ltr'><strong>apud</strong></span> <span class='ocrx_word' id='word_1_191' title='bbox 1038 3532 1226 3613; x_wconf 77' lang='lat' dir='ltr'><strong>decemviros</strong></span> 
     </span>
     <span class='ocr_line' id='line_1_29' title="bbox 213 3619 1225 3702; baseline 0.002 -20"><span class='ocrx_word' id='word_1_192' title='bbox 213 3621 404 3702; x_wconf 86' lang='lat' dir='ltr'><strong>repetentium</strong></span> <span class='ocrx_word' id='word_1_193' title='bbox 414 3619 488 3678; x_wconf 86' lang='lat' dir='ltr'><strong>ratio</strong></span> <span class='ocrx_word' id='word_1_194' title='bbox 502 3631 545 3678; x_wconf 87' lang='lat' dir='ltr'><strong>est</strong></span> <span class='ocrx_word' id='word_1_195' title='bbox 559 3642 567 3692; x_wconf 91' lang='lat'>;</span> <span class='ocrx_word' id='word_1_196' title='bbox 583 3638 647 3697; x_wconf 87' lang='lat' dir='ltr'><strong>quae</strong></span> <span class='ocrx_word' id='word_1_197' title='bbox 660 3620 720 3677; x_wconf 83' lang='lat' dir='ltr'><strong>illic</strong></span> <span class='ocrx_word' id='word_1_198' title='bbox 728 3623 809 3678; x_wconf 78' lang='lat' dir='ltr'><strong>male</strong></span> <span class='ocrx_word' id='word_1_199' title='bbox 822 3627 1011 3693; x_wconf 83' lang='lat' dir='ltr'><strong>tractationis,</strong></span> <span class='ocrx_word' id='word_1_200' title='bbox 1025 3621 1074 3682; x_wconf 89' lang='lat' dir='ltr'><strong>hic</strong></span> <span class='ocrx_word' id='word_1_201' title='bbox 1084 3631 1129 3682; x_wconf 83' lang='lat' dir='ltr'><strong>rei</strong></span> <span class='ocrx_word' id='word_1_202' title='bbox 1141 3645 1225 3684; x_wconf 74' lang='lat' dir='ltr'><strong>uae-</strong></span> 
     </span>
     <span class='ocr_line' id='line_1_30' title="bbox 214 3710 1226 3795; baseline 0.006 -24"><span class='ocrx_word' id='word_1_203' title='bbox 214 3718 274 3786; x_wconf 57' lang='lat' dir='ltr'><strong>ris),</strong></span> <span class='ocrx_word' id='word_1_204' title='bbox 288 3733 379 3791; x_wconf 88' lang='lat' dir='ltr'><strong>quum</strong></span> <span class='ocrx_word' id='word_1_205' title='bbox 404 3711 542 3791; x_wconf 81' lang='lat' dir='ltr'><strong>quaeritur</strong></span> <span class='ocrx_word' id='word_1_206' title='bbox 560 3710 653 3770; x_wconf 89' lang='lat' dir='ltr'><strong>utrius</strong></span> <span class='ocrx_word' id='word_1_207' title='bbox 671 3711 757 3791; x_wconf 87' lang='lat' dir='ltr'><strong>culpa</strong></span> <span class='ocrx_word' id='word_1_208' title='bbox 775 3711 930 3772; x_wconf 90' lang='lat' dir='ltr'><strong>divortium</strong></span> <span class='ocrx_word' id='word_1_209' title='bbox 950 3714 1057 3774; x_wconf 87' lang='lat' dir='ltr'><strong>lactum</strong></span> <span class='ocrx_word' id='word_1_210' title='bbox 1079 3716 1115 3776; x_wconf 91' lang='lat' dir='ltr'><strong>sit</strong></span> <span class='ocrx_word' id='word_1_211' title='bbox 1128 3741 1138 3793; x_wconf 80' lang='lat'>3</span> <span class='ocrx_word' id='word_1_212' title='bbox 1152 3737 1226 3795; x_wconf 67' lang='lat' dir='ltr'><strong>qua</strong></span> 
     </span>
     <span class='ocr_line' id='line_1_31' title="bbox 212 3801 1225 3882; baseline 0.002 -20"><span class='ocrx_word' id='word_1_213' title='bbox 212 3803 272 3863; x_wconf 90' lang='lat' dir='ltr'><strong>illic</strong></span> <span class='ocrx_word' id='word_1_214' title='bbox 287 3807 444 3875; x_wconf 76' lang='lat' dir='ltr'><strong>dementia,</strong></span> <span class='ocrx_word' id='word_1_215' title='bbox 460 3801 508 3860; x_wconf 92' lang='lat' dir='ltr'><strong>hic</strong></span> <span class='ocrx_word' id='word_1_216' title='bbox 517 3804 638 3878; x_wconf 81' lang='lat' dir='ltr'><strong>petendi</strong></span> <span class='ocrx_word' id='word_1_217' title='bbox 648 3809 794 3867; x_wconf 82' lang='lat' dir='ltr'><strong>curatoris.</strong></span> <span class='ocrx_word' id='word_1_218' title='bbox 805 3827 819 3854; x_wconf 74' lang='lat' dir='ltr'><strong>n</strong></span> <span class='ocrx_word' id='word_1_219' title='bbox 835 3804 879 3862; x_wconf 80' lang='lat' dir='ltr'><strong>Cf.</strong></span> <span class='ocrx_word' id='word_1_220' title='bbox 893 3823 957 3882; x_wconf 85' lang='lat' dir='ltr'><strong>quae</strong></span> <span class='ocrx_word' id='word_1_221' title='bbox 967 3802 1004 3868; x_wconf 87' lang='lat' dir='ltr'><strong>de</strong></span> <span class='ocrx_word' id='word_1_222' title='bbox 1016 3805 1062 3867; x_wconf 89' lang='lat' dir='ltr'><strong>his</strong></span> <span class='ocrx_word' id='word_1_223' title='bbox 1074 3813 1111 3870; x_wconf 82' lang='lat' dir='ltr'><strong>A.</strong></span> <span class='ocrx_word' id='word_1_224' title='bbox 1124 3807 1225 3871; x_wconf 81' lang='lat' dir='ltr'><strong>Pollio</strong></span> 
     </span>
     <span class='ocr_line' id='line_1_32' title="bbox 214 3892 957 3971; baseline 0.004 -18"><span class='ocrx_word' id='word_1_225' title='bbox 214 3893 390 3954; x_wconf 82' lang='lat' dir='ltr'><strong>scholasticis</strong></span> <span class='ocrx_word' id='word_1_226' title='bbox 401 3892 511 3968; x_wconf 84' lang='lat' dir='ltr'><strong>objicit,</strong></span> <span class='ocrx_word' id='word_1_227' title='bbox 524 3898 565 3952; x_wconf 88' lang='lat' dir='ltr'><strong>M.</strong></span> <span class='ocrx_word' id='word_1_228' title='bbox 580 3896 682 3953; x_wconf 86' lang='lat' dir='ltr'><strong>Senec.</strong></span> <span class='ocrx_word' id='word_1_229' title='bbox 695 3896 836 3966; x_wconf 67' lang='lat' dir='ltr'><strong>Contrua,</strong></span> <span class='ocrx_word' id='word_1_230' title='bbox 851 3897 892 3971; x_wconf 90' lang='lat'><strong>11,</strong></span> <span class='ocrx_word' id='word_1_231' title='bbox 908 3898 957 3956; x_wconf 87' lang='lat' dir='ltr'><strong>ll.</strong></span> 
     </span>
    </p>
   </div>
   <div class='ocr_carea' id='block_1_4' title="bbox 217 3975 1222 4152">
    <p class='ocr_par' dir='ltr' id='par_1_8' title="bbox 217 3975 1222 4152">
     <span class='ocr_line' id='line_1_33' title="bbox 256 3975 1222 4069; baseline 0.011 -27"><span class='ocrx_word' id='word_1_232' title='bbox 256 3987 284 4042; x_wconf 77' lang='lat'><strong>5.</strong></span> <span class='ocrx_word' id='word_1_233' title='bbox 303 3985 441 4056; x_wconf 64' lang='lat' dir='ltr'><strong>Contrua,</strong></span> <span class='ocrx_word' id='word_1_234' title='bbox 464 3981 515 4041; x_wconf 89' lang='lat' dir='ltr'><strong>lib.</strong></span> <span class='ocrx_word' id='word_1_235' title='bbox 531 3983 613 4060; x_wconf 77' lang='lat' dir='ltr'><strong>vulg.</strong></span> <span class='ocrx_word' id='word_1_236' title='bbox 626 3987 677 4057; x_wconf 84' lang='lat' dir='ltr'><strong>IV,</strong></span> <span class='ocrx_word' id='word_1_237' title='bbox 692 3985 786 4043; x_wconf 57' lang='grc' dir='ltr'><strong>Ἀ-</strong></span> <span class='ocrx_word' id='word_1_238' title='bbox 798 3975 863 4044; x_wconf 88' lang='lat' dir='ltr'><strong>Iib.</strong></span> <span class='ocrx_word' id='word_1_239' title='bbox 875 3985 957 4069; x_wconf 70' lang='lat' dir='ltr'><strong>vulg.</strong></span> <span class='ocrx_word' id='word_1_240' title='bbox 976 3991 1013 4065; x_wconf 80' lang='lat' dir='ltr'><strong>V,</strong></span> <span class='ocrx_word' id='word_1_241' title='bbox 1028 3992 1129 4051; x_wconf 73' lang='lat' dir='ltr'><strong>at-</strong></span> <span class='ocrx_word' id='word_1_242' title='bbox 1140 3989 1222 4053; x_wconf 71' lang='lat' dir='ltr'><strong>Bate.</strong></span> 
     </span>
     <span class='ocr_line' id='line_1_34' title="bbox 217 4075 1207 4152; baseline -0.002 -17"><span class='ocrx_word' id='word_1_243' title='bbox 217 4075 726 4152; x_wconf 69' lang='lat' dir='ltr'><strong>controu,v111,a.-Suasor.,2.</strong></span> <span class='ocrx_word' id='word_1_244' title='bbox 1204 4078 1207 4083; x_wconf 83' lang='lat'>&#39;</span> 
     </span>
    </p>
   </div>
   <div class='ocr_carea' id='block_1_5' title="bbox 0 0 1427 4980">
    <p class='ocr_par' dir='ltr' id='par_1_9' title="bbox 0 0 1427 4980">
     <span class='ocr_line' id='line_1_35' title="bbox 0 0 1427 4980; baseline 0 0"><span class='ocrx_word' id='word_1_245' title='bbox 0 0 1427 4980; x_wconf 95' lang='lat' dir='ltr'><strong> </strong></span> 
     </span>
    </p>
   </div>
  </div>
 </body>
</html>
