2804 4980
516 391 713 460 *55*

113 535 292 626 siturum,
311 559 395 606 cum
413 505 597 631 tyrannica
622 534 1055 612 munificantiatl'llonna
1073 545 1115 613 ut

112 645 383 736 nundinorum,
401 647 452 718 sie
467 645 757 720 declamatorum
769 648 926 721 tnlrmm
940 650 1114 750 ampliati·

114 776 217 827 mum
233 770 451 854 proventum
467 755 601 847 Gallia,
619 757 751 850 Africa,
771 760 973 852 Britannia,
987 759 1115 834 Doni·

114 865 200 939 tiani
216 863 402 964 tempore?
595 880 597 885 “
771 930 774 937 .
817 924 819 929 ·
882 941 886 947 .

157 1009 252 1073 Nunc
267 1025 352 1073 totus
367 1008 476 1076 Graiu
492 974 679 1098 'numaque
693 1007 794 1075 habea
805 1005 892 1074 orbis
904 1010 1045 1077 athenas
1060 1032 1068 1079 ε
1122 1034 1125 1038 ·

158 1108 261 1174 Gallia
272 1109 446 1174 causidicos
458 1108 568 1174 docuit
582 1108 718 1173 facunda
731 1111 913 1191 Britannos,

128 1262 130 1267 .
158 1209 207 1275 De
224 1208 435 1277 conducendo
449 1208 588 1298 loquium
600 1210 813 1295 jam‘rbetore
828 1209 971 1275 Thula¹.
1062 1260 1064 1265 .

113 1336 248 1415 Floroit
259 1336 441 1414 Hadriano
455 1341 672 1442 imperante,
691 1341 904 1443 Calpurnius
918 1326 1077 1436 Flaccus,
1094 1366 1116 1418 a
1131 1430 1135 1439 Ι

114 1447 189 1550 quo
203 1468 394 1552 supersunt
406 1468 580 1552 excerpta
591 1451 877 1524 Decumatones
890 1457 926 1523 X
934 1453 1116 1527 rhetorum

113 1563 292 1632 minorum
311 1590 323 1634 .·
346 1563 502 1660 majores
520 1563 682 1658 rlrctores
702 1577 786 1635 sunt
804 1564 843 1652 ii,
863 1582 1020 1660 quorum
1039 1582 1137 1638 tna-³

115 1672 219 1743 minit
232 1676 278 1744 M.
304 1675 453 1744 seneca.
475 1674 634 1745 Exeunte
650 1691 675 1741 r
694 1687 776 1772 pon
790 1673 1128 1747 Christnnanmm·

86 1796 90 1803 ’
113 1779 257 1876 saculo,
274 1776 497 1856 declamabat
509 1782 693 1855 Ennodius
704 1779 892 1884 episcopus
902 1777 1116 1876 -Ticinensls,
1176 1850 1186 1867 ,

114 1888 404 1985 controversias,
428 1921 507 1993 quae
523 1911 678 1967 exstant.
702 1888 832 1989 Mirum
856 1888 1122 1993 autemutiquc
1151 1956 1156 1965 .

115 2015 169 2073 est
192 2000 426 2075 christianum
446 2004 547 2076 illum
571 2005 763 2075 antistitem
785 2028 860 2074 non
882 2004 1151 2101 dedignatum'f,

115 2137 209 2205 esse,
236 2114 298 2210 qni
317 2114 410 2184 inter
436 2117 616 2184 Dictroncs
639 2138 739 2203 suas,
759 2139 838 2211 quae
860 2114 988 2210 partim
1009 2137 1131 2184 sacrae·

115 2239 212 2314 sunt,
222 2223 347 2294 decem
362 2225 694 2296 Controuersiarum
707 2238 916 2319 argumenta
930 2224 1115 2315 insereret,

93 2333 152 2421 ¹in
187 2333 318 2406 scholis
356 2334 541 2406 rhetorum
575 2333 760 2431 gentilium
785 2334 860 2430 jam
891 2333 1004 2405 multo
1034 2347 1118 2406 ante

116 2460 282 2537 tractata,
313 2462 523 2544 argumenta
546 2446 695 2544 inquam
725 2471 799 2518 uon
829 2445 1006 2518 simillima
1053 2442 1132 2517 sed„
1192 2472 1195 2479 ·

70 2591 72 2595 ·
117 2557 244 2629 eadem
265 2559 434 2630 omnino³
454 2587 461 2627 :
482 2583 565 2630 narn
583 2558 644 2630 hic
663 2584 807 2657 quoque
825 2574 860 2630 et
877 2557 1007 2655 tyrann
1030 2574 1070 2648 53·
1082 2570 1120 2631 et

110 2670 268 2766 piratas,
282 2683 319 2739 et
334 2669 506 2756 Vestales,
523 2683 558 2740 et
571 2668 748 2740 abdicatos
758 2669 968 2767 reperimus.
986 2673 1119 2738 Parum

118 2800 264 2848 necesse
285 2790 340 2846 est
359 2776 533 2872 adjicere,
552 2776 717 2848 eamdem
734 2800 810 2848 esse
825 2791 862 2847 et
878 2775 1114 2875 loquentiam.

155 2996 185 3052 l.
203 2997 322 3053 Suetou.
341 2995 445 3071 Calig„
461 2994 512 3051 20.
528 2995 698 3064 -Juven,
712 2996 738 3064 1,
753 2994 792 3050 ta
810 3013 817 3047 :

222 3107 275 3159 Aut
289 3104 493 3178 Lugdunensem
504 3105 595 3159 rhetor
608 3103 726 3157 dicturus
740 3101 775 3157 ad
787 3121 871 3156 aram.
1061 3092 1063 3095 ’
1104 3060 1144 3141 θ

156 3234 186 3290 2.
201 3235 320 3301 Juven,
335 3234 400 3303 XV,
412 3235 532 3293 110.-
545 3230 603 3303 1d.‚
614 3235 679 3301 VII,
697 3234 753 3288 148
766 3255 773 3288 :

223 3382 524 3400 ...........
542 3342 681 3398 Nutricula
691 3341 886 3395 causidicorum

220 3429 308 3482 Africa
311 3466 522 3482 ........
685 3451 690 3460 =
880 3440 905 3495 φ
938 3418 941 3423 ’

156 3554 185 3610 3.
202 3551 344 3628 Pleraque
366 3549 454 3622 enim,
470 3547 492 3606 si
507 3567 567 3606 non
580 3545 688 3619 omnia,
704 3556 754 3604 aut
767 3544 845 3624 apud
856 3549 897 3606 M.
912 3549 1051 3605 Senecam
1066 3554 1120 3613 aut

115 3639 193 3720 apud
204 3640 410 3713 Quintilianum
420 3637 572 3715 inscriptas
581 3635 803 3695 declamationes
813 3635 940 3714 reperire
950 3647 1000 3692 est,
1009 3638 1119 3693 Exem-

115 3731 157 3812 pli
171 3730 272 3811 gratia‚
288 3749 376 3788 unam
398 3728 504 3787 allerre
522 3727 607 3785 liceat
625 3725 869 3799 controversiam,
893 3744 980 3802 quam
995 3745 1011 3782 a
1024 3723 1120 3785 chris·

28 3823 39 3842 ⁸
116 3820 195 3880 tiano
228 3821 274 3879 vel
299 3820 374 3878 inter
399 3816 618 3878 declamandum
642 3828 804 3896 peroratam
827 3835 890 3875 esse
914 3815 1020 3874 mirum
1041 3827 1084 3874 cst
1108 3837 1116 3873 ι

115 3911 190 3972 Dict.
205 3912 288 3982 XXI,
304 3918 456 3986 inpetrem
479 3915 540 3985 qui,
555 3907 741 3983 qnumstlr'um
763 3928 783 3963 α
799 3909 899 3983 pirata
914 3900 1120 3982 captumff'redi-

115 4023 191 4061 mere
202 4021 257 4058 non
271 4002 402 4077 dignutus
415 4011 498 4074 esset,
509 3996 546 4055 ab
557 4018 589 4054 eo
603 4009 697 4054 tamen
710 3999 754 4054 ali
761 3995 886 4074 petebat.
898 3996 942 4057 Cf.
958 4000 1007 4061 Μ..
1015 3999 1118 4056 Senes.

117 4097 243 4156 commu
257 4095 284 4166 1,
300 4093 330 4162 t,
343 4101 398 4150 etc.
