2804 4980
621 369 869 442 ..-68-

265 526 434 601 insidiose
446 525 550 596 traxit
563 524 697 594 horum
705 521 869 616 illiusque
881 516 1160 589 controversiam
1168 520 1192 605 ¹,
1204 539 1265 586 eos

220 708 227 715 ,
266 662 394 711 omnes
411 637 480 704 etsi
495 633 755 729 interrespect'e
772 629 966 727 differant,
983 653 1112 726 genere
1127 652 1268 697 consen·

268 748 347 834 tire,
362 760 397 813 et
411 740 572 812 eamdem
587 741 779 810 sanitatem
794 738 999 835 eloquentiae
1009 739 1108 833 ferre
1133 735 1267 830 optime

268 852 519 923 demonstrat*
545 848 716 938 Messala3
742 870 834 943 quos
858 848 934 943 ipse
955 849 1048 943 Aper
1076 844 1112 914 in
1142 841 1268 912 eadem

267 961 356 1031 serie
371 964 407 1032 el
418 959 524 1031 simili
543 973 765 1056 contemptu,
779 971 816 1026 ut
826 958 991 1053 unn‘quos
1006 952 1231 1052 amplectitur
1242 955 1264 1021 ³.

226 1160 231 1170 .
267 1074 418 1141 Tantum
445 1095 465 1141 a
491 1071 663 1141 Cicerone
686 1083 721 1140 et
746 1067 866 1139 Atticis
894 1066 1020 1164 procul
1047 1063 1175 1161 aberat
1194 1062 1269 1134 elo-

269 1183 427 1278 quentia.

293 1295 477 1364 ·Primum
506 1293 551 1363 ab
577 1294 731 1390 antiquis
762 1292 829 1362 illis
857 1292 1042 1362 secessisse
1073 1288 1270 1386 reperimus

268 1406 427 1475 Cassium
443 1408 614 1475 Severum
623 1406 646 1494 ⁸,
663 1428 737 1476 non
756 1419 828 1474 tam
847 1403 974 1474 veteris
993 1400 1203 1496 eloquentiae
1220 1413 1271 1469 te·

268 1508 1273 1610 necemquamveterislibertatis,disertumquidemcau·

225 1706 230 1714 ,
267 1620 435 1710 sidicum,
460 1620 522 1692 sed
534 1621 597 1716 qui
608 1619 928 1691 declamationibus
939 1618 996 1689 vel
1013 1643 1095 1688 cum
1113 1616 1272 1714 periculo

269 1732 371 1803 famae
387 1757 457 1803 suae
471 1734 668 1829 interesset.
682 1737 898 1828 Quanquam
911 1729 1008 1801 haud
1023 1731 1072 1798 ita
1089 1729 1153 1798 fuit
1164 1727 1275 1798 Cassii

269 1839 1275 1939 Severiculpa,nequeuniusautalteriusoratoris‚quam

270 1953 435 2021 omnium
462 1951 771 2040 scholasticorum,
788 1953 816 2020 si
848 1950 1052 2046 eloquentia
1092 1948 1198 2043 flexit
1231 1945 1276 2015 ab

270 2059 336 2129 illa
354 2076 465 2130 uetere
482 2060 733 2158 utquedirecta
743 2059 885 2130 dr'cendi
898 2061 982 2129 viat.
997 2059 1106 2128 Testis
1121 2072 1174 2128 est
1184 2055 1275 2128 liber

269 2168 317 2236 M.
338 2169 492 2256 Senecae,
513 2193 587 2263 quo
604 2167 711 2239 nobis
728 2193 837 2264 quam
854 2167 1034 2238 simillima
1052 2191 1155 2236 novae
1175 2165 1276 2235 istius

269 2276 482 2374 eloquentiae
515 2280 694 2351 nascentis
726 2279 938 2350 adumbrata
980 2295 1033 2350 est
1060 2279 1191 2374 imago.
1232 2282 1277 2347 Et

229 2381 235 2390 ’
270 2387 388 2476 enim,
421 2413 500 2484 quae
532 2404 613 2485 post
637 2389 733 2486 apud
759 2393 931 2461 Senecam
964 2403 1135 2485 apparet,
1167 2411 1277 2483 quam

271 2496 382 2567 serius
399 2496 436 2564 iu
458 2496 608 2593 Dr'alogo
632 2496 675 2566 de
700 2496 897 2567 oratoribus
924 2495 1021 2566 velut
1043 2521 1084 2566 ex
1117 2495 1276 2594 professo

234 2610 237 2617 '
273 2607 420 2701 exponit
438 2609 485 2676 Μ.
514 2609 623 2703 Aper,
646 2632 689 2678 ea
709 2609 784 2704 jam
799 2608 836 2677 iu
853 2608 924 2678 hoc
939 2607 1032 2679 libro
1063 2623 1138 2678 tota
1160 2608 1277 2679 couti-

271 2731 390 2787 netur.
412 2721 484 2787 Nec
512 2717 588 2814 ipse
612 2718 670 2790 ille
691 2718 814 2791 rhetor
840 2720 964 2790 ceteris
996 2720 1160 2790 conscius
1188 2733 1273 2790 est:

272 2851 359 2897 nam
375 2828 585 2898 Ciceronem
603 2843 728 2901 contra
744 2828 975 2929 scholasticos
992 2845 1026 2901 et
1044 2845 1169 2902 contra
1185 2829 1278 2901 filios

272 2962 358 3008 suos
371 2936 542 3008 defendit.
562 2939 709 3025 Quoties
725 2939 821 3036 apud
840 2965 921 3010 eum
940 2941 985 3012 de
1002 2941 1180 3012 veteribus
1197 2965 1277 3013 ora·

223 3075 230 3086 ·
274 3047 411 3118 toribus
424 3063 458 3118 et
473 3049 574 3118 novis
592 3049 716 3120 incidit
736 3051 892 3139 mentm,
908 3066 976 3122 stat
987 3076 1055 3149 pro
1073 3052 1273 3139 veteribus:

273 3180 391 3228 novos
425 3180 499 3226 non
525 3158 601 3257 siue
635 3158 912 3255 reprehensione
941 3161 1133 3231 nominatt
1156 3164 1278 3246 Quum
1379 3229 1384 3235 .

249 3263 373 3336 'euim
407 3267 600 3359 scriberet,
637 3294 744 3340 senex
777 3270 889 3341 factus
914 3286 1007 3361 erat3
1042 3288 1077 3343 et
1121 3272 1158 3342 in
1193 3272 1279 3369 ipsis

267 3379 460 3476 utriusque
477 3381 688 3478 eloquentiae
703 3379 833 3454 finibus
851 3383 951 3474 situs,
966 3383 1097 3480 quibus
1111 3383 1204 3455 vitiis
1222 3407 1277 3454 re·

308 3617 346 3674 ’1.
363 3618 476 3694 Dialog.
493 3621 530 3675 dc
543 3632 629 3692 orat„
646 3622 694 3679 l8.

310 3708 349 3765 ta.
367 3709 398 3766 c.
416 3711 465 3766 ae.

313 3799 348 3857 3.
366 3799 397 3859 c.
415 3792 519 3860 retr.

318 3893 363 3960 4.,
378 3888 422 3946 u.
440 3893 489 3949 ru.

322 3982 367 4052 a,
384 3975 427 4034 u.
443 3982 492 4038 ra.

259 4054 262 4067 '
320 4072 350 4128 e.
371 4073 478 4141 coma,
494 4071 519 4140 1,
535 4071 732 4143 uus-11,
747 4058 1278 4146 re-comroeuih.vetamus.
