2804 4980
548 366 744 437 ..29-

143 513 240 584 simae
256 509 400 608 quidem
427 509 613 608 rhetoricae
633 512 717 582 artis
734 512 889 608 argutiae.
910 515 976 585 Hic
1003 515 1143 614 potissi·

143 652 244 698 muru
262 626 429 722 utrinque
457 626 546 696 acris
564 625 757 697 ¹contentio
784 641 819 696 et
844 629 1013 725 captiosis
1037 653 1143 727 argu-

143 739 328 811 mantaudi
353 736 444 810 dolis
461 753 537 809 erat
552 737 673 827 locus3
688 737 748 808 hic
758 740 982 838 potissimum
996 741 1144 837 juvabat

142 877 322 950 quemque
331 878 443 955 quum
449 867 587 950 partem
597 851 744 923 alteram
752 854 863 924 tuitus
876 866 979 944 esset,
995 879 1072 926 earn
1081 857 1144 926 im·

141 991 320 1064 pugnare,
345 991 387 1036 ac
408 990 509 1036 suam
529 964 812 1062 aemulorumque
833 967 1143 1039 ratiocinationem

142 1079 331 1168 invertere,
342 1078 537 1165 confutare,
553 1093 756 1168 extenuare,
769 1079 804 1149 in
814 1079 998 1176 pulverem
1014 1079 1143 1153 dissol-

142 1215 226 1263 vere
241 1217 250 1260 :
265 1192 477 1288 hicquoque
485 1189 709 1289 potissimum
720 1191 766 1262 ad
774 1207 902 1264 cuncta
912 1194 967 1265 vel
980 1196 1143 1266 minutis·

143 1304 231 1376 sima
240 1319 275 1376 et
286 1304 506 1393 difficillima,
516 1303 717 1400 fingebatur
727 1320 761 1375 et
769 1306 1004 1402 torquebatur
1013 1308 1141 1381 oratio.

143 1419 223 1487 Non
248 1419 410 1488 contenti
430 1432 514 1488 sunt
537 1417 862 1489 controversiarum
886 1417 1144 1491 declamatores

142 1528 291 1626 vulgatis
304 1531 379 1627 ejus
389 1531 566 1629 partibus,
581 1545 755 1628 quaesunt
765 1535 991 1627 proaemium,
1004 1518 1141 1602 'narru-

143 1645 203 1734 tio,
214 1642 390 1738 prohetia,
409 1643 588 1740 refotam,
602 1647 807 1740 perorati0;
824 1644 963 1716 addunt
976 1645 1143 1741 partitio·

142 1780 223 1826 nem
235 1771 271 1827 et
280 1759 570 1854 propositionem,
578 1780 654 1827 nou
661 1757 792 1827 insulse
800 1756 946 1852 quidem
955 1757 1139 1846 hactenus,
1164 1832 1167 1837 ,

141 1893 348 1966 quanquam
365 1870 533 1942 reclamat
542 1870 802 1959 Quintilianus,
830 1883 865 1940 et
886 1869 1007 1965 objicit
1023 1874 1143 1967 purti-

142 1983 271 2051 tionem
299 1998 436 2080 partem
458 2009 534 2054 esse
552 1986 772 2081 quercinum
795 1986 1041 2080 quatrionem,
1065 2009 1144 2082 spe-

142 2092 233 2163 ciem
246 2094 498 2190 probationis&
517 2099 653 2166 Verum
668 2095 807 2166 addunt
822 2098 1070 2192 Egressionem
1086 2097 1144 2170 vel

141 2231 330 2302 egressum,
351 2210 478 2278 miram
491 2207 655 2279 videlicet
668 2207 839 2279 orationis
849 2222 989 2305 partem
1001 2212 1023 2276 ¹.
1041 2210 1144 2282 Istius

141 2319 286 2391 insaniae
302 2345 408 2393 causa
425 2321 611 2393 manifesta
629 2335 697 2408 est,
715 2321 868 2391 etiamsi
885 2345 964 2391 eam
989 2346 1064 2392 non
1090 2347 1145 2394 ar·

141 2446 264 2526 gueret
282 2433 379 2504 aliud
396 2458 503 2531 agens
526 2433 623 2505 idem
640 2433 879 2522 Quintilianus
890 2436 920 2521 8;
941 2458 1019 2529 quae
1036 2448 1089 2504 est
1106 2435 1143 2504 in

141 2544 946 2643 cupiditateutcunqueillustrandiorationem,
963 2544 1141 2642 placendi,

141 2657 302 2748 nitendi,
318 2683 421 2730 aures
431 2660 613 2763 voluptate
626 2658 853 2730 devinciendi
866 2686 874 2728 ε
889 2659 1013 2728 namsi
1025 2660 1144 2730 minus

142 2768 179 2839 id
204 2772 343 2867 assequi
361 2786 509 2869 possent
532 2772 625 2843 intra
647 2773 761 2869 ipsam
784 2794 894 2866 quam
911 2785 1140 2867 acceperant,

141 2886 421 2955 controversiam
439 2910 477 2956 se
494 2899 666 2974 tenentes,
686 2883 784 2955 haud
798 2882 967 2954 videbant
982 2882 1069 2979 quid
1083 2884 1147 2954 im·

141 2997 280 3094 pediret
310 2999 504 3094 quominus
532 3012 628 3070 extra
656 2996 880 3095 evagabundi
909 2995 974 3066 sibi
1005 3021 1144 3066 morem

145 3125 318 3204 gererent.
1011 3131 1013 3135 ’

193 3212 387 3320 Quipriore
398 3217 746 3315 locodeclamabant,
756 3220 960 3320 iipeterevel
969 3243 1145 3316 exponere

144 3335 198 3405 vel
204 3360 407 3432 proponere
424 3335 634 3408 dicebantur
651 3336 952 3424 controversiam,
972 3358 1014 3402 ex
1036 3331 1144 3402 altera

141 3448 576 3546 partecontrudz'cebutur‘.
586 3449 873 3520 Controversiam
881 3446 943 3542 qui
951 3459 1061 3516 totam
1069 3469 1146 3542 per-

185 3617 213 3671 t.
230 3618 284 3688 111,
305 3635 348 3687 rx,
365 3616 395 3672 3.

184 3707 213 3762 2.
230 3704 304 3763 Ibid.
321 3708 350 3762 t.
363 3701 638 3762 -Declamatorios
665 3723 804 3775 excessus,
819 3721 885 3758 cum
913 3698 976 3758 aliis
1001 3698 1142 3779 partibus,

144 3805 285 3851 memorat
296 3797 336 3851 M.
349 3797 468 3863 Seneca,
482 3794 621 3866 Contrua,
631 3791 683 3848 lib.
699 3790 789 3870 uulgo
797 3794 853 3865 111,
865 3787 949 3866 praes.

153 3955 155 3960 .
185 3885 406 3954 3.111,x1,2tt.
773 3927 776 3932 .
875 3904 878 3908 ·

183 3979 213 4033 t.
230 3971 680 4047 Quintit.‚1v,11.-A.Getl.‚
696 3992 739 4045 rx,
755 3972 888 4030 15.-c.
904 3970 979 4030 Pliu.
995 3976 1104 4048 Epist,
1118 3974 1143 4044 1,
