2804 4980
595 368 792 441 ..r-9..

192 522 269 592 sine
284 520 390 592 lande
407 517 568 590 meminit
585 517 839 606 Quintilianus¹
855 569 864 605 ,
886 529 921 586 et
937 517 1088 587 Gavium
1102 517 1190 588 Silo-

192 659 297 724 nem,
322 634 423 728 cujus
446 656 487 703 ea
507 643 582 702 erat
599 630 777 702 rarissima
794 628 894 717 laus,
914 629 980 698 isto
997 630 1191 727 praesertim

194 760 377 843 tempor-e,
407 759 446 814 ut
474 773 491 808 ι(
520 743 762 840 eloquentiam
779 741 1015 812 absconderet
1034 770 1051 808 u
1079 742 1190 838 magis

192 886 302 958 quam
320 872 531 950 ostentaret,
556 874 592 930 et
616 860 754 955 dequo
774 857 1033 928 haecferuntur
1054 857 1099 928 ab
1122 865 1191 929 Au-

195 987 296 1068 gusto
318 972 412 1043 dicta
429 1005 437 1042 ι
457 978 651 1070 Nunquam.
671 970 742 1041 vidi
757 969 1050 1068 patremfamiliac
1075 970 1193 1042 dae'scr-

197 1089 322 1157 tt'orem
335 1088 357 1152 ².

245 1203 377 1268 Verum
403 1199 579 1270 Actiacam
604 1199 696 1269 circa
706 1222 893 1296 pugnam,
921 1223 1028 1269 omne
1055 1198 1194 1269 adoles-

197 1311 420 1381 centulorum
439 1311 596 1381 studium
616 1335 653 1381 se
676 1311 851 1382 convertit
868 1310 913 1380 ab
933 1310 1134 1381 oratoribus
1150 1311 1196 1382 ad

197 1423 357 1495 rhetores
373 1448 414 1494 ac
431 1423 687 1495 declamatores
710 1452 718 1492 :
739 1424 880 1495 illorum
898 1425 936 1495 hi
956 1425 1063 1495 veluti
1079 1424 1197 1495 aemuli

196 1536 275 1606 sacti
316 1551 411 1606 sunt.
454 1536 704 1634 Nequidquam
740 1536 949 1633 importuno
981 1536 1197 1609 scholasticae

197 1661 300 1717 sectae
320 1647 431 1718 favori
450 1649 754 1740 reclamaverunt,
781 1651 843 1745 qui
866 1649 1034 1721 vivebant
1057 1651 1094 1720 in
1119 1650 1197 1721 soro

198 1774 374 1848 oratores;
398 1761 645 1857 nequidquam
666 1761 917 1861 subrepentem
940 1763 1114 1833 insaniam
1130 1762 1200 1835 tol-

197 1872 286 1961 lere,
307 1874 411 1945 latius
426 1875 562 1972 patenti
582 1875 677 1945 malo
696 1874 866 1946 obsistere
881 1874 1097 1947 voluerunt:
1117 1877 1202 1947 vicit

198 1987 437 2075 declamatio,
473 1989 619 2083 ejusque
654 1987 840 2059 victoriam
874 1989 941 2086 ipsi
976 2004 1133 2061 oratores
1165 2005 1199 2060 et

198 2099 366 2171 viderunt
385 2115 421 2171 et
442 2100 635 2196 aliquando
660 2100 780 2170 animo
801 2102 956 2196 aequiore
980 2100 1073 2198 pas'si
1099 2117 1196 2173 sunt.

199 2211 263 2281 Cui
293 2209 539 2281 infestissimus
564 2212 693 2281 mansit
718 2213 864 2283 Messala
889 2239 896 2281 :
919 2213 949 2283 is
972 2212 1203 2285 declamatio·

199 2318 326 2411 nibus,
354 2324 502 2394 nonnisi
523 2338 563 2395 ut
586 2322 653 2394 sibi
668 2325 780 2394 risum
798 2341 978 2416 moveret,
1000 2328 1197 2399 intererat⁸.

199 2440 370 2508 lntererat
390 2453 425 2508 et
448 2438 585 2508 Asinius
601 2436 739 2528 Pollio,
767 2439 829 2533 qui
849 2439 1041 2535 inexpertis
1067 2440 1134 2511 fori
1159 2466 1205 2513 ac

196 2548 414 2644 judiciorum
439 2576 541 2622 suam
569 2549 848 2648 experientiam,
880 2551 943 2647 qui
969 2552 1205 2626 delirantibus

201 2685 301 2741 suam
328 2664 566 2760 prudentiam⁴
581 2665 819 2760 opponeret⁸3
840 2663 1065 2736 declamabat
1080 2679 1203 2747 tamen

200 2771 297 2869 ipse,
324 2775 387 2844 sed
409 2800 592 2872 uunqrmm
613 2774 768 2844 udrnt'ssu
789 2774 1053 2870 multitudiue',
1085 2809 1199 2879 quan·

200 2909 310 2981 quam
338 2889 476 2983 primus
500 2887 654 2958 dedisset
671 2888 718 2956 ‘in
745 2886 962 2961 bibliotheca
987 2917 1051 2965 sua
1078 2897 1199 2971 locum

200 2997 352 3095 publicis
379 2999 656 3071 recitationibus.
684 2999 906 3074 Declamavit
931 3028 1076 3104 quoque
1099 3011 1199 3084 domi

200 3112 396 3204 Labienus,
425 3112 515 3209 quia
542 3111 707 3183 nondum
734 3116 958 3188 consuetudo
987 3119 1199 3198 admittendi

199 3223 377 3320 populum
398 3224 543 3296 inducta
561 3238 661 3313 erat,
686 3240 746 3296 aut
767 3227 796 3296 si
814 3228 979 3302 malueris
999 3237 1198 3330 speciosam

201 3335 276 3431 ejus
289 3339 572 3427 excusationem,
588 3338 672 3437 quia
685 3336 722 3407 id
729 3339 881 3435 putabat
893 3357 996 3440 turpe
1009 3348 1201 3442 ucsrioolae

193 3448 405 3542 jactationis
416 3453 441 3520 ⁴¹.
479 3450 698 3524 Declamavit
731 3451 838 3523 etiam
869 3457 1108 3552 paterfamiliae
1139 3465 1199 3545 ille

242 3620 413 3692 1.x,1,·aa
428 3623 540 3682 erno.

240 3709 270 3766 2.
285 3710 324 3767 M.
341 3712 441 3770 Senec.
456 3714 595 3784 Contrua,
610 3710 660 3774 lib.
676 3714 755 3794 vulg.
772 3719 808 3789 V,
816 3716 899 3793 praes.

239 3799 268 3855 3.
285 3797 328 3855 Id.
345 3798 419 3857 Ibid.
436 3803 540 3872 11,st

238 3889 268 4032 ἓ.
285 3887 386 4034 1qu31,
402 3892 449 3948 ll.
468 3894 589 3950 -Exa
603 3895 803 3978 ooatmv.,1v,
810 3895 895 3974 pref.
915 3908 1035 3980 etpass.

263 4021 270 4035 .
324 3999 333 4034 ι
358 4022 365 4036 .

241 4069 269 4129 6.
287 4067 331 4127 Id.
353 4071 490 4144 Contrua,
504 4070 555 4131 lib.
566 4071 653 4154 'vulp
665 4076 704 4149 Ν,
713 4073 797 4151 pluis.
