2804 4980
119 529 194 622 bat,
214 546 253 604 ut
272 545 446 604 testantur
461 531 536 631 ipsa
552 530 658 602 edicti
674 529 783 609 verba
799 559 806 602 ε
823 532 908 605 Haec
925 555 1025 615 noro,
1042 554 1121 628 quae

115 647 249 744 praeter
271 641 554 714 consuetudinem
579 670 622 714 uc
647 670 781 714 morem
806 643 986 741 majorum
1007 645 1116 740 fiunt,

122 745 233 862 neque
250 756 410 854 placent,
433 783 543 855 neque
566 773 662 828 recta
686 755 868 843 videmur,-
888 756 1121 856 queriturque

121 872 220 943 iniis
244 868 338 940 ludis
360 870 517 940 hommes
537 868 813 946 adolescentulos
834 886 924 941 totos
939 869 1014 940 dies
1029 867 1119 949 deai-

121 983 217 1056 dere.

172 1102 212 1166 ln
229 1087 388 1192 dialogo,
408 1094 469 1190 qui
486 1095 677 1192 inscriptus
695 1110 748 1166 est
769 1093 812 1166 de
835 1100 998 1181 Oratore,
1019 1097 1123 1170 Cras-

124 1232 204 1280 sum
232 1206 370 1277 inducit
395 1207 521 1277 Cicero
546 1205 592 1277 de
610 1206 736 1277 iisdem
755 1205 958 1281 rhetoribus
975 1205 1125 1302 loquen-

124 1333 211 1408 tem,
231 1333 265 1389 et
283 1316 370 1414 quid
387 1317 483 1415 apud
502 1343 564 1389 eos
580 1319 832 1418 reprehendat,
853 1318 962 1388 susius
978 1342 1126 1413 arguen-

123 1447 210 1504 tem.
236 1436 353 1502 Pauca
375 1431 541 1530 praefatur
567 1431 612 1502 de
635 1431 774 1523 edicto,
803 1456 875 1528 quo
903 1429 1050 1500 minime
1070 1429 1127 1526 (ut

124 1546 223 1618 stulti
252 1545 438 1641 dicebant)
457 1546 570 1617 vetuit
589 1571 634 1617 ne
651 1561 863 1617 acuerentur
883 1545 1024 1642 ingenia
1042 1541 1128 1614 ado·

124 1657 357 1747 lescentium,
385 1686 403 1725 t<
427 1657 489 1728 sed
508 1673 634 1729 contra
652 1659 794 1755 ingenia
813 1657 966 1730 obtundi
986 1654 1123 1745 noluit,

126 1768 353 1841 corroborari
370 1769 643 1869 impudentiam,
659 1801 676 1838 a
688 1786 723 1842 et
740 1797 812 1870 quo
830 1795 905 1841 non
921 1768 1017 1840 adeo'
1029 1771 1126 1838 Grae·

127 1907 189 1955 cos
206 1884 368 1955 rhetores
384 1886 627 1983 impugnavit,
648 1911 773 1956 verum
790 1910 917 1956 eorum
933 1883 1128 1952 imitatores

127 1999 292 2087 Latinos,
314 1998 376 2095 qui
396 1997 502 2094 longe
523 1999 716 2070 deteriores
734 2013 835 2070 erant
855 2026 863 2068 ε
885 1997 1012 2068 latetur
1031 1994 1129 2065 enim

125 2116 152 2178 'a
170 2109 266 2207 apud
285 2113 449 2201 Griecos,
469 2113 530 2209 qui
548 2112 724 2208 ejusmodi
741 2126 875 2200 essent,
897 2125 1018 2180 tamen
1037 2132 1126 2196 esse,

127 2231 256 2323 praeter
273 2223 367 2294 hanc
381 2224 670 2294 exercitationem
687 2223 828 2320 linguae,
849 2221 1050 2293 doctrinam
1067 2218 1129 2290 ali·

129 2358 239 2432 quam
251 2349 286 2406 et
299 2336 559 2406 humanitatem
578 2336 723 2433 dignam
740 2336 898 2407 scientia.
918 2362 935 2401 a
946 2339 997 2404 'ht
1013 2332 1132 2402 mani-

129 2446 257 2518 festum
282 2463 334 2518 est
356 2473 402 2519 ne
418 2452 560 2520 Graecos
581 2450 728 2546 quidem
749 2450 936 2544 magistros
962 2447 994 2518 ei
1017 2445 1130 2516 multo
1222 2525 1225 2529 Α

128 2559 236 2631 fuisse
250 2562 477 2658 acceptiores.
495 2566 667 2653 «Rerum,
682 2563 810 2658 inquit,
825 2575 876 2631 est
889 2559 976 2630 silva
987 2568 1129 2654 magna,

48 2693 58 2710 ‘
131 2700 239 2773 quam
265 2676 377 2747 Graeci
392 2677 466 2772 jam
492 2704 566 2749 non
581 2693 738 2768 teneant,
757 2678 805 2749 ob
823 2701 973 2774 eamque
989 2699 1133 2746 causam

128 2787 298 2884 juventus
323 2803 444 2859 nostra
467 2789 623 2861 dediscat
649 2815 749 2890 paene
771 2787 973 2860 discendo&
994 2818 1010 2853 a
1037 2785 1132 2873 Quid

134 2902 232 2972 enim
250 2915 303 2972 est
319 2901 427 2992 aliud,
443 2903 564 3000 judice
582 2905 654 2976 Lic.
677 2909 821 2991 Crass0,
838 2902 978 2999 impleri
998 2925 1134 2971 memo·

32 3013 34 3018 ⁴
131 3015 222 3087 riam
237 3014 368 3106 verbiS,
389 3017 549 3088 animum
566 3017 672 3089 rebus
690 3044 764 3090 non
781 3017 921 3104 instrui,
941 3039 1050 3110 quam
1064 3011 1135 3083 dis·

134 3128 251 3199 cando
280 3120 496 3201 dediscere?
530 3130 680 3202 Putabat
708 3130 766 3202 ille
798 3158 816 3197 a
845 3153 865 3200 a
892 3124 1135 3198 minutissimis

137 3241 362 3339 angustisque
375 3231 700 3315 concertationibus
715 3242 760 3314 ad
775 3267 922 3313 omnem
938 3241 1010 3310 vim
1028 3239 1137 3312 varie-

135 3369 317 3453 tatemque
344 3355 579 3426 disserendi»
608 3355 849 3427 traducendos
874 3353 1133 3440 adolescentes,

132 3468 172 3540 ¹et
197 3499 214 3537 a
241 3495 315 3540 non
340 3493 415 3540 esse
438 3452 637 3567 paucorum
658 3468 861 3541 libellorum
888 3467 958 3538 hoc
980 3491 1134 3555 munus,

137 3595 179 3651 ut
194 3581 236 3672 ii,
261 3581 323 3679 qui
346 3583 563 3679 scripserunt
582 3583 628 3654 de
645 3580 789 3655 dicendi
812 3580 951 3652 ratione
976 3577 1139 3650 arbitrati

138 3708 281 3765 sunt...
296 3698 374 3767 Non
390 3695 486 3766 euim
503 3695 618 3767 solum
633 3695 830 3769 acuendam
847 3692 914 3764 illis
930 3715 1046 3789 neque
1059 3715 1140 3790 pro2

139 3807 342 3881 cudendum
355 3809 514 3906 linguam
531 3835 625 3902 esse;
642 3811 705 3883 sed
715 3807 944 3889 onerandum
958 3805 1141 3905 complen-

183 4084 212 4140 l.
228 4085 274 4139 De
290 4083 386 4153 Orat,
399 4084 454 4156 111,
469 4085 519 4142 tt.
539 4134 548 4152 ,
