2804 4980
696 356 893 428 ...ao-

217 560 220 568 .
288 507 412 607 hiique
426 506 588 605 dignitati
596 531 668 579 suae
678 505 952 579 convenientius
963 529 1039 585 este
1055 504 1168 598 ducit,
1181 530 1289 606 quam

289 621 321 701 ai
336 619 592 697 scholasticum
608 641 646 689 se
665 640 742 689 esse
759 619 931 689 recuset¹.

340 733 538 803 Pessimum
554 754 641 801 vero
667 727 705 799 id
731 727 810 818 fuit,
833 727 933 826 quod
948 725 1019 799 sibi
1038 726 1200 801 sufficere
1216 727 1292 801 visa

260 914 263 920 ,
290 858 343 916 est
358 840 584 931 declamatio,
604 864 787 937 quumque
803 838 1015 936 eloquentiae
1030 838 1189 937 prolusio
1208 863 1293 910 ma-

289 980 376 1027 nere
395 953 545 1043 debuit,
566 966 704 1024 certum
732 950 919 1048 quoddam
952 951 1063 1040 evasit
1079 949 1293 1048 eloquentiae

291 1088 415 1162 genus.
436 1061 522 1134 Ideo
540 1060 681 1160 reperta
700 1076 788 1149 erat,
808 1075 849 1132 ut
864 1059 1023 1132 forenses
1040 1061 1292 1132 contentiones

292 1199 405 1271 quum
435 1174 661 1272 exprimeret,
690 1186 769 1243 tum
794 1185 1028 1269 praepararem
1056 1170 1220 1268 factaque
1240 1183 1293 1243 est

290 1310 366 1357 non
399 1286 448 1357 ita
472 1285 590 1382 *longo
623 1299 786 1382 tempore
816 1308 926 1380 quam
960 1282 1174 1355 alienissima
1196 1282 1289 1355 foro.

291 1400 486 1493 Postquam
503 1396 601 1467 enim
620 1394 724 1466 desiit
742 1419 818 1471 esse
836 1393 957 1467 abdita
973 1409 1010 1467 et
1028 1393 1181 1467 obscura
1195 1418 1295 1466 exer-

290 1506 425 1595 citatio,
442 1521 634 1604 postquam
648 1504 775 1576 habuit
790 1504 967 1604 populum
984 1520 1019 1578 et
1036 1504 1194 1604 plausus,
1214 1520 1295 1579 tum

291 1616 384 1689 adeo
402 1642 476 1690 non
495 1617 707 1717 praeparavit
736 1617 829 1707 foro,
858 1631 897 1697 ut
920 1632 1048 1690 contra
1063 1617 1140 1716 ipsa
1156 1642 1295 1721 praepa-

290 1718 430 1799 ratione
447 1727 584 1824 eguerit
604 1752 614 1796 :>
632 1725 776 1826 plurimi
793 1726 1065 1818 declamatores,
1085 1743 1167 1799 ante
1184 1753 1296 1825 quam

287 1836 424 1934 populo
451 1834 619 1922 dicerent,
645 1837 789 1907 secretis
813 1835 1008 1908 utebantur
1031 1834 1297 1908 exercitationi-

291 1947 396 2021 bus⁸.
422 1949 469 2016 Μ.
503 1949 638 2018 Seneca
664 1947 791 2018 suadet
817 1947 915 2018 Melae
941 1971 1008 2019 suo
1025 1964 1064 2021 ut
1086 1946 1292 2020 declamet:

291 2057 390 2130 idem
406 2056 511 2128 simul
529 2081 613 2129 eum
631 2056 797 2130 hortatur
808 2071 848 2128 ut
864 2057 1040 2129 abstineat
1057 2055 1149 2128 loro.
1170 2056 1298 2129 Decla-

291 2182 367 2241 met
382 2168 561 2265 primum,
582 2167 712 2238 deinde
728 2193 838 2265 quem
855 2194 899 2240 ex
917 2167 1177 2240 declamatione
1198 2167 1296 2239 fruc·

292 2295 371 2353 tum
386 2295 521 2385 carpat,
543 2279 831 2378 circumspiciet:
860 2311 877 2346 «
899 2279 1129 2376 Eloquentiae,
1162 2278 1295 2376 inquit,

293 2406 436 2464 tantum
451 2391 614 2477 studeas;
646 2391 755 2462 facilis
771 2390 903 2471 abisac
920 2392 957 2461 in
977 2416 1104 2462 omnes
1126 2405 1219 2462 artes
1237 2389 1298 2462 dc·
1340 2480 1345 2489 .

294 2526 420 2574 cursus
442 2516 507 2572 est.
538 2529 556 2569 a
580 2502 764 2572 Continuo
787 2501 946 2598 loquitur
974 2501 1020 2575 de
1041 2500 1212 2595 Fabiano,
1235 2503 1303 2600 qui

295 2613 503 2710 eloquentiae
516 2611 693 2701 studebat,
714 2637 786 2682 non
801 2613 1005 2712 eloquentie
1021 2615 1160 2685 cauca&
1179 2617 1299 2700 Quam

294 2721 389 2794 hene
400 2723 476 2795 haec
493 2722 654 2795 scholam
665 2719 782 2794 olent!
801 2722 1011 2797 scholastici
1027 2740 1103 2798 tam
1119 2740 1214 2797 arcte
1231 2723 1297 2796 de-

296 2834 491 2905 terminant
520 2832 784 2930 eloquentiam,
813 2848 853 2906 ut
885 2849 1046 2930 separata
1071 2832 1235 2937 quaedam
1253 2832 1300 2904 sit

296 2945 456 3034 scientia,
470 2971 549 3044 quae
564 2960 641 3018 tota
651 2960 809 3018 versetur
825 2947 863 3019 in
876 2945 970 3018 bene
987 2945 1156 3035 dicendo,
1173 2960 1209 3018 et
1219 2970 1302 3041 quae

298 3080 363 3154 per
382 3080 420 3127 se
439 3080 515 3126 esse
533 3056 658 3154 possit,
687 3055 819 3127 omissa
836 3079 958 3127 rerum
975 3053 1146 3146 civilium,
1167 3054 1302 3131 omissa

296 3164 534 3263 philosophiae
548 3165 772 3237 tractatione.
1292 3238 1315 3259 η

348 3274 450 3345 Multi
465 3275 571 3370 igitur
586 3275 792 3374 eloquentiae
811 3291 949 3347 tantum
960 3274 1158 3364 studebant,
1177 3274 1216 3346 id
1231 3286 1300 3368 est,

300 3387 534 3459 senescebant
559 3388 597 3457 in
625 3387 756 3459 scholis
793 3387 891 3460 fictas
921 3389 1086 3462 materias
1119 3411 1194 3458 non
1223 3386 1304 3458 sine

300 3496 455 3572 mirabili
480 3498 676 3599 pertinacia
701 3513 972 3595 pertractantes.
1003 3501 1173 3570 Oratores
1201 3511 1237 3570 et
1264 3521 1304 3577 se

300 3606 485 3682 habebant
498 3624 534 3682 et
546 3635 568 3682 a
580 3610 707 3682 ceteris
713 3610 954 3705 habebantur,
968 3609 1068 3684 haud
1080 3623 1306 3707 accusatque

349 3884 363 3940 a
382 3885 493 3959 apae,
509 3888 550 3956 11,
567 3887 585 3944 a
602 3888 723 3958 ;1,at;
740 3888 796 3955 tx.
813 3891 843 3945 a.
895 3879 897 3883 ’

348 3974 378 4030 2.
396 3974 597 4048 Controv.,lib.
613 3975 695 4055 vulg.
711 3979 767 4051 111,
775 3975 861 4054 pres,

349 4064 378 4122 3.
398 4065 537 4138 centron,
551 4068 591 4142 11,
599 4061 686 4144 pref.
