2804 4980
591 383 788 454 ..44-

194 535 330 605 Cestius
359 533 423 606 fuit
454 534 557 605 leonto
589 534 856 622 recentissimus,
880 532 1012 605 nullius
1035 537 1188 634 ingenii,

197 646 359 714 Ciceroni
385 646 492 714 etiam
517 643 665 738 iofhstur
678 647 701 730 ¹,
730 657 765 715 et
791 644 840 715 ita
856 643 1003 741 quidem
1020 645 1189 735 infestus,

195 769 233 825 ut
249 756 429 826 neminem
455 753 642 850 aequalium
665 751 724 824 ille
749 752 916 826 habuerit
937 754 1191 827 sibi·‘inl'es'tio-

195 886 282 933 rem.
300 864 465 962 Proprius
480 887 522 934 ac
540 861 727 960 peculiaris
745 863 1017 960 quodammodo
1033 879 1111 936 erat
1125 865 1191 935 ini·

193 972 306 1063 micus
323 973 440 1044 Cestio
456 971 609 1063 Tullius,
639 970 867 1069 importunus
888 996 1018 1070 nempe
1045 973 1207 1044 cernulus=

193 1083 285 1154 fama
310 1083 521 1180 eloquentiae
545 1110 554 1154 :
574 1106 659 1153 num
689 1084 886 1153 maximum
913 1107 990 1154 esse
1014 1083 1116 1154 illum
1141 1085 1192 1155 ei-

193 1218 297 1286 tum,
313 1194 437 1269 rhetor
449 1194 546 1265 hand
564 1193 772 1265 morabatur
783 1196 806 1265 ¹.
829 1197 890 1264 Sui
919 1218 1002 1264 eum
1028 1193 1193 1292 discipuli

193 1303 300 1405 longe
315 1303 571 1407 preponebant
583 1303 717 1394 Tullio,
739 1304 840 1401 cujus
856 1327 915 1375 eas
931 1317 1070 1375 tuntum
1087 1327 1194 1374 nove·

194 1431 273 1486 rant
302 1417 500 1506 orationes,
529 1414 658 1512 quibus
686 1417 916 1515 rescripserat
941 1416 1119 1512 magister,
1153 1426 1194 1484 ut

194 1524 432 1595 Milonianom
443 1527 466 1594 ⁸.
488 1531 529 1595 At
544 1549 618 1594 non
637 1525 784 1624 impune
801 1526 880 1598 tulit
897 1525 1076 1597 assiduam
1089 1525 1194 1598 istam

193 1632 361 1705 Tullianae
386 1633 501 1706 leudis
527 1635 808 1719 insectationem.
838 1636 911 1706 Ulti
937 1651 1020 1707 sunt
1052 1637 1193 1707 Cleem-

193 1770 277 1817 nem
294 1747 433 1818 Cassius
449 1749 599 1818 Severus
618 1761 653 1818 et
669 1748 746 1845 ipse
762 1749 914 1819 oratoris
927 1746 1037 1818 filius.
1059 1747 1195 1818 Placuit

194 1859 314 1928 Cassio
332 1861 484 1948 Severe,
503 1871 543 1927 ut
559 1858 693 1928 rideret
708 1859 966 1954 ineptissimum
985 1856 1192 1946 rhetorem,

194 1966 457 2069 ridendumque
481 1967 650 2037 omnibus
674 1965 849 2059 daret,.iu
864 1970 925 2062 jus
937 1992 1020 2038 eum
1039 1967 1091 2038 ad·
1104 1992 1193 2065 prae·

193 2090 310 2146 torem
326 2100 475 2169 vocare,
494 2075 580 2173 lege
611 2079 777 2173 inscripti
803 2076 999 2170 rnoleficii5
1031 2076 1116 2149 inde
1148 2076 1209 2149 ad·

194 2185 345 2256 alterum
361 2199 551 2282 praetorem
572 2210 655 2256 eum
685 2186 836 2271 ducere,
858 2202 894 2259 et
919 2189 1056 2285 ingrati
1071 2201 1211 2286 postu-·

193 2292 285 2384 lure3
305 2294 450 2367 taudem
473 2295 570 2394 apud
587 2312 776 2393 praetorem
795 2296 975 2368 urbanum
993 2312 1213 2391 curatorem'

195 2409 226 2479 ei
242 2409 416 2507 petiturus
439 2423 532 2499 erat,
558 2411 627 2479 nisi
650 2409 923 2481 intervenissent
939 2409 1044 2480 amici
1065 2436 1075 2479 t
1095 2409 1212 2480 lis'ut¹

195 2519 441 2606 dirimeretur,
462 2543 529 2618 pro
546 2519 754 2591 conditione
773 2521 929 2619 positum
948 2534 1021 2611 est,
1044 2535 1082 2590 ut
1090 2519 1213 2618 juro-²

197 2643 252 2698 ret
266 2631 398 2698 Cestius
409 2628 629 2701 inertiorem
639 2654 714 2700 esse
732 2633 936 2701 Ciceronem
949 2656 1055 2729 quom
1072 2659 1132 2715 se,·
1145 2629 1211 2701 ‹re-⁷

194 2765 274 2810 rum
294 2765 357 2810 nec
374 2741 438 2811 hoc
451 2745 646 2839 refaceret,
663 2741 717 2842 uel
730 2744 823 2812 serio
839 2741 938 2839 effici
947 2744 1096 2839 potnit‘.
1118 2732 1211 2814 llio'

194 2849 272 2942 die,
299 2853 463 2926 tonabat
494 2853 589 2954 opud
616 2857 664 2926 M.
692 2853 844 2926 Tullium
870 2854 1053 2926 Ciceronis
1081 2853 1212 2926 filiurn·

194 2963 317 3035 rhetor
349 2981 470 3038 noster
497 2992 637 3064 :quum
667 2967 757 3038 hero
793 2967 967 3036 memoria
1000 2981 1035 3038 et
1069 2976 1212 3039 naturu'

195 3071 348 3164 deesset,
366 3091 402 3147 et
419 3091 498 3146 tum
515 3076 684 3146 ebrietate
700 3076 821 3145 suisset
843 3073 1050 3161 interclusa,
1071 3075 1197 3173 petivit

196 3184 522 3269 nomenclatore,
551 3185 631 3282 quis
660 3183 719 3255 ille
736 3196 938 3275 vocaretur,
964 3185 1030 3281 qu'i
1057 3185 1093 3255 in
1120 3186 1196 3256 imo

195 3293 289 3365 lecto
307 3295 540 3366 recumberet.
570 3296 766 3394 Respondit
783 3319 905 3369 servus
929 3322 937 3366 ε
957 3296 1025 3365 Hic
1041 3311 1093 3366 est
1117 3298 1198 3365 Ces·

197 3406 283 3493 tius,
301 3407 517 3502 qzu'potrem
544 3422 642 3477 tuum
664 3403 816 3504 negabat
840 3404 977 3476 litteras
1001 3407 1104 3479 scire.
1125 3406 1197 3482 Nec

196 3514 299 3612 plura
322 3544 331 3588 ε
359 3517 536 3618 externplo
567 3517 704 3590 exsilire
731 3520 778 3587 M.
799 3515 931 3587 Tullius
945 3566 968 3604 „
983 3529 1018 3585 et
1049 3538 1196 3612 poscere

237 3812 266 3868 l.
288 3813 415 3885 Suasor„
429 3813 458 3871 8.

237 3901 267 3956 2.
290 3903 387 3973 Suos,
402 3903 431 3958 6.
1144 3923 1149 3933 ’

240 3992 267 4046 3.
291 3989 473 4065 Quintil.,X‚
484 4010 514 4061 v,
527 3992 575 4049 20.
587 3992 675 4049 -Μ,
688 3993 789 4050 senec.
805 3992 879 4050 Eue.
894 3981 1101 4063 Controuflll,
1108 4006 1150 4066 pr
1185 4030 1193 4045 .

240 4084 268 4138 l.
291 4083 365 4138 Ber.
385 4082 525 4154 controv„
538 4082 593 4152 111,
604 4077 688 4156 μή.
996 4110 1000 4115 -
