2804 4980
505 662 572 741 ΒΕ
599 659 858 744 conatam

236 980 492 1231 resr
551 936 1133 1193 cronacum

204 1338 223 1461 f
330 1388 744 1466 anrcmmronmus
762 1346 1039 1501 ,recommm

462 2105 640 2196 CAPUT
669 2109 910 2198 PRIMUM.

223 2474 268 2529 De
280 2469 376 2529 studio
391 2469 562 2550 eloquentiae
574 2470 653 2551 apud
667 2475 812 2530 Romanos
824 2471 862 2530 ad
876 2472 1043 2532 Ciceronem
1056 2493 1157 2552 usque.
1278 2524 1282 2531 .

246 2715 340 2785 Clari
354 2712 405 2783 illi
422 2727 593 2806 oratores,
612 2738 767 2809 quorum
786 2715 997 2786 memoriam
1011 2716 1133 2812 relegit
1149 2741 1190 2788 ac

194 2823 340 2898 tradidit
355 2822 506 2922 posteris
518 2825 569 2893 m:
580 2821 682 2893 Tullii
698 2821 749 2891 ad
758 2829 908 2892 Brutum
925 2824 1028 2913 liber,
1044 2842 1079 2899 et
1095 2828 1191 2924 inge·

195 2939 257 3012 nio
271 2951 307 3009 et
322 2949 397 3007 arte
413 2933 617 3005 nitebantur
630 2959 638 3002 :
652 2947 725 3024 aut,
738 2933 835 3005 sicui
852 2934 970 3006 minus
987 2954 1190 3035 suppeteret

193 3044 400 3144 disciplina,
426 3043 455 3114 is
477 3042 585 3114 divite
608 3042 764 3138 quadam
790 3057 826 3114 et
854 3043 1039 3116 excellenti
1065 3063 1192 3123 natura

194 3159 306 3230 fretus
330 3181 368 3227 se
394 3154 451 3226 vel
474 3154 601 3226 rudem
632 3178 724 3253 saepe
755 3154 860 3227 altius
875 3155 1064 3247 efferebam
1086 3159 1117 3229 si
1133 3165 1191 3237 cui

193 3269 316 3340 minus
333 3264 451 3336 felices
465 3265 577 3336 insitae
592 3279 710 3338 essent
727 3255 849 3355 dotes,
868 3278 989 3338 tamen
1006 3266 1066 3338 ille
1085 3269 1191 3339 steri-

191 3376 331 3449 litatem
353 3374 486 3471 ingenii
505 3373 761 3474 compensabat
781 3372 975 3471 aliquando
999 3372 1099 3473 largo
1121 3392 1193 3449 stu·

195 3484 339 3558 diorum
361 3499 551 3585 proventu.
572 3488 739 3557 Summus
763 3482 862 3556 enim
883 3483 1035 3583 quisque
1060 3485 1193 3584 duplici
1316 3510 1319 3519 “

193 3611 330 3669 naturae
346 3596 504 3696 artisque
519 3618 590 3695 ope
610 3594 769 3668 exstabat
791 3606 933 3687 orator3
959 3609 996 3667 at
1018 3597 1193 3695 quosdam

193 3706 319 3798 fuisse,
340 3694 557 3811 etpegregios
574 3708 732 3806 quidem,
749 3730 840 3806 quos
865 3705 1033 3779 alterutra
1055 3722 1194 3781 tantum

132 3894 136 3903 ,
188 3819 345 3917 juvaret,
359 3820 439 3919 quis
454 3821 628 3895 miretur?
643 3821 703 3894 alii
720 3847 861 3912 eorum,
878 3820 945 3893 riri
963 3844 1098 3917 graves,
1115 3824 1194 3897 abs·

193 3956 266 4030 que
275 3930 451 4030 magistris
467 3930 700 4005 meditatione
714 3931 855 4003 assidua
873 3931 1036 4024 instituti,
1056 3935 1195 4030 agendo

191 4045 374 4143 aeriasque
386 4066 444 4117 res
451 4042 614 4141 quotidie
622 4043 878 4145 pertractando
891 4044 1086 4135 informati,
1100 4045 1200 4119 haud

1051 4160 1077 4214 ι.
