2804 4980
680 384 877 454 ...52-

329 535 395 606 Hic
409 532 506 606 enim
523 530 619 603 nihil·
630 544 764 604 temere
781 532 917 621 dictum
936 533 1086 630 peribat,
1114 557 1181 604 nec
1198 531 1282 619 lice-

279 645 342 719 bat
359 645 505 744 quidem
519 659 597 717 tuto
614 642 745 740 figuras
763 642 958 715 rhetoricas
971 646 1142 741 prolerre.
1163 642 1282 740 Jusju·

280 755 446 843 randum,
472 753 627 852 exempli
653 754 781 849 gratia,
810 778 883 825 una
904 769 981 826 erat
1006 779 1025 824 e
1051 753 1171 849 liguris
1187 754 1282 824 inter

279 864 511 937 scholasticos
539 863 823 959 vulgatissimis¹.
855 862 1146 934 Declamatorum
1170 886 1278 950 unus,

279 1001 354 1048 non
366 1002 385 1048 e
397 975 530 1073 multiS,
548 975 710 1047 Albutius
723 974 810 1066 silo,
827 998 970 1046 causam
981 973 1147 1045 tuebatur
1158 997 1281 1070 quam·

278 1087 363 1159 dam
393 1087 491 1186 apud
517 1087 758 1159 centumviros
784 1112 792 1156 t
822 1085 1064 1170 adversarium
1083 1083 1282 1165 incessebat

279 1213 319 1271 ut
336 1200 487 1298 impium
503 1223 584 1295 erga
601 1213 790 1297 parentes3
810 1222 919 1295 quem
938 1197 1074 1296 putavit
1097 1221 1118 1268 a
1136 1221 1173 1268 se
1191 1221 1282 1294 pro·

278 1311 499 1383 turbandum
524 1335 600 1382 esse
629 1335 671 1381 ac
694 1309 1011 1408 prosternendum,
1042 1307 1111 1379 hac
1133 1307 1280 1380 inducta

273 1421 414 1516 figura:
433 1420 580 1492 «Placet
595 1420 659 1491 tibi
675 1446 753 1493 rem
765 1420 995 1516 jujejurando
1013 1420 1183 1515 transigi?
1197 1424 1282 1491 Jura

277 1558 343 1631 per
355 1532 466 1629 patris
479 1532 676 1603 cineres...
692 1563 709 1598 »
726 1532 913 1629 Extemplo
929 1557 1073 1627 surgere
1085 1557 1126 1603 ex
1138 1531 1281 1602 diverso

277 1657 450 1740 patronus
473 1669 481 1712 :
506 1642 756 1741 «Accipimus,
776 1642 907 1739 inquit,
928 1642 1189 1713 conditionem.
1205 1646 1283 1712 »Et

272 1752 413 1850 judices
435 1778 606 1825 annuere.
637 1754 799 1826 Clamare
823 1770 902 1825 tum
928 1752 1122 1830 Albutius:
1152 1781 1169 1819 n
1199 1756 1281 1824 Nou

277 1862 389 1935 detuli
406 1864 676 1952 conditionem,
704 1863 849 1934 schema
877 1862 963 1933 dixi.
987 1890 1004 1928 u
1026 1866 1159 1932 Instare
1176 1859 1278 1953 alter,

276 1973 395 2045 donec
424 1999 479 2046 res
506 1974 741 2070 jurejurando
772 1989 946 2045 transacta
972 1987 1038 2046 est.
1072 1972 1281 2068 Indignatus

277 2085 441 2158 Albutius
465 2084 631 2157 valedixit
655 2087 753 2175 soro,
783 2100 818 2156 et
838 2085 1011 2183 quamdiu
1040 2084 1144 2175 vixit,
1166 2084 1282 2156 oravit
1354 2096 1358 2105 '

276 2220 401 2267 causas
418 2196 456 2266 in
474 2195 605 2292 quibus
628 2194 749 2291 figurae
769 2209 888 2267 esseut
909 2194 1121 2265 innocentes
1141 2220 1149 2264 ε
1171 2217 1281 2289 seque

277 2317 330 2373 est
346 2301 494 2392 solatus,
511 2301 613 2398 cujus
627 2301 908 2372 declamationes
926 2300 1149 2396 frequentem
1167 2325 1282 2397 popu·

276 2413 352 2503 lum
371 2413 505 2483 cierent
515 2417 538 2483 ‘.
564 2417 708 2498 Quanto
732 2413 829 2482 enim
843 2412 1009 2503 ‘securior
1033 2426 1110 2483 erat
1133 2407 1276 2489 schola!

277 2525 423 2611 Quanto
441 2519 545 2591 latius
564 2520 707 2617 patebat
731 2519 855 2615 liguris
880 2521 1079 2618 ceterisque
1106 2520 1281 2592 facundie

277 2630 539 2703 declamatoriae
555 2630 776 2702 ornamentis
802 2629 973 2730 spatium!
997 2636 1063 2704 Res
1089 2649 1165 2705 erat
1188 2619 1282 2706 inter

277 2743 419 2815 sodales
439 2769 480 2815 ac
502 2745 665 2816 conscios
689 2745 851 2840 ejusdcm
869 2745 1093 2842 eloquentiae.
1120 2746 1229 2834 Quod
1251 2746 1282 2819 si

277 2855 430 2945 fortasse
450 2854 696 2943 dissentirent,
723 2869 758 2925 et
784 2855 911 2952 aliquis
928 2855 974 2926 ab
1001 2855 1113 2940 altero
1131 2881 1282 2954 preme-

278 2980 389 3059 retur,
409 2965 629 3037 exclamabat
654 2992 661 3034 :
691 2997 707 3030 α
728 2966 886 3036 Primum
904 2992 978 3036 non
996 2967 1092 3065 apud
1113 2968 1283 3039 eumdem

279 3090 534 3172 praeceptorem
566 3073 768 3145 studuimus
781 3078 804 3146 ³.
839 3105 856 3143 »
891 3081 972 3147 Haec
1005 3077 1102 3146 litem
1128 3075 1283 3147 dirime-

279 3184 380 3254 bant.

328 3294 443 3364 Toties
462 3294 584 3392 pulsos
598 3295 704 3367 luisse
714 3320 755 3366 ac
771 3296 908 3421 fugatos
925 3323 945 3369 e
962 3297 1039 3367 soro
1052 3297 1283 3368 scholasticos

279 3420 362 3503 post
379 3406 510 3477 foedam
528 3405 680 3495 cladem,
700 3430 747 3477 nc
764 3408 946 3477 miremur
966 3411 1053 3478 Tam
1070 3408 1143 3510 apti
1160 3421 1284 3501 orato-

280 3541 337 3588 res
354 3496 590 3587 defendendis
616 3516 878 3588 Controversiis
896 3517 980 3608 suis,
1005 3532 1079 3590 tam
1097 3520 1245 3590 remotis
1262 3544 1284 3590 a

345 3722 642 3783 ⁵uScholasticorum
657 3685 910 3831 frequentissimo'
898 3746 960 3800 Jam
975 3746 1100 3785 more.»
1094 3730 1167 3785 ›M.¹
1179 3729 1281 3786 Senec.

279 3819 408 3889 Saeuam„
423 3818 452 3876 8.

268 3906 273 3913 '
321 3908 351 3962 ἢ.
368 3888 525 3964 M.Se1iec.
544 3909 683 3976 controv„
704 3905 756 3964 lib
772 3908 854 3988 vulg.
869 3912 912 3968 111
914 3907 1019 3986 wpraef
1039 3915 1210 3983 —Suetom
1238 3916 1286 3969 De

270 3999 350 4052 'elcrr⁸
367 3996 439 4055 rtet.
446 3999 501 4068 ,6
516 3994 700 4070 -Quintil.,
716 4000 770 4068 IX,
787 4018 821 4068 11,
839 4001 889 4056 95.
1170 4043 1173 4047 -

323 4088 353 4147 a.
370 4087 509 4157 eonem,
525 4089 565 4158 11,
581 4089 610 4144 s.
954 4074 957 4080 ’
