2804 4980
438 384 443 394 .
562 349 733 425 „3‚„

149 515 259 610 longo
277 533 395 581 rerum
415 531 481 577 usu
496 503 627 575 lactum
648 520 724 575 esse
745 525 754 570 s
775 497 884 569 sensit
901 521 951 587 se,
970 493 1149 591 quidquid·

150 639 254 710 esset,
275 619 365 692 adeo
379 641 454 689 uon
467 613 512 685 ab
528 627 616 702 arte,
630 634 710 709 quae
722 606 896 705 juveniles
912 629 1027 675 aniius
1049 628 1147 676 exer·

152 743 285 820 cuerat,
301 726 422 798 omnia
432 715 647 813 mutuatum,
661 734 700 793 ut
711 733 838 791 contra
849 717 1021 812 exagitata
1030 730 1065 787 et
1077 715 1147 787 dis·

152 867 253 915 cussa
268 856 342 912 arte
357 838 427 925 illa,
443 835 557 930 major
570 859 611 906 ac
623 831 804 931 potentior
813 829 1027 902 excessisset.
1043 827 1150 907 Haud

152 951 253 1022 aliter
271 960 407 1019 constat
416 943 695 1016 Demosthenem
706 966 781 1012 nun
792 955 864 1011 tam
874 965 918 1010 ex
926 939 1001 1011 lsaei
1011 938 1146 1031 schola,

154 1083 263 1158 quam
288 1084 329 1130 ex
356 1055 538 1127 auditione
568 1053 744 1140 Platonis,
768 1049 983 1146 Thucydidis
1007 1048 1147 1121 assidua

152 1168 323 1255 lectione,
342 1164 574 1237 meditatione
597 1177 791 1261 perpetua,
812 1159 1021 1257 quotidiana
1042 1183 1149 1256 expe·

145 1281 280 1362 ¹rientia
297 1305 378 1351 eum
393 1278 577 1364 exstitisse,
596 1299 704 1372 quem
715 1298 841 1344 omnes
853 1272 954 1344 omni
963 1286 1064 1343 aetate
1077 1296 1153 1345 ora·

155 1407 249 1465 tores
267 1391 465 1490 principem
478 1413 583 1459 suum
598 1387 807 1458 faterentur.

203 1501 383 1589 Quamdiu
398 1499 542 1571 Athenis
553 1512 588 1568 et
604 1501 724 1569 Romae
737 1495 848 1593 viguit
859 1495 1015 1584 libertas,
1027 1519 1152 1593 quam·

139 1613 216 1685 'diu
237 1612 441 1683 umbratiles
463 1609 647 1681 rhetorum
668 1607 773 1678 ludos
792 1621 1008 1704 exceperunt
1025 1621 1157 1704 apertae

157 1714 407 1797 contentiones
422 1727 543 1817 Agorae
561 1735 596 1791 et
612 1720 713 1811 Fori,
730 1743 785 1790 ars
801 1719 895 1790 intra
917 1719 1095 1814 legitimos
1117 1743 1162 1791 se

157 1835 479 1921 tenuitterminos3
496 1847 531 1907 et
547 1856 667 1927 quum-
682 1846 870 1903 manerent
891 1856 955 1903 sua
972 1856 1063 1903 verae
1080 1829 1161 1900 elo·-

157 1946 312 2042 queutiae
334 1943 519 2041 proposita
545 1942 709 2039 praemia,
730 1941 869 2013 sincera
885 1942 1016 2013 mansit
1031 1956 1066 2013 st
1081 1942 1160 2038 ipsa·

159 2055 374 2152 eloquentia.
387 2058 527 2141 Quotus
536 2054 635 2123 enim
648 2055 809 2148 quisque,
823 2079 935 2149 quum
947 2080 1001 2125 res
1013 2055 1161 2126 maximi

158 2166 333 2255 momenti
356 2177 556 2259 agerentur,
577 2177 612 2233 et
631 2164 775 2233 nonnisi
791 2164 980 2259 prudentia
1003 2188 1156 2259 summa,

158 2298 298 2349 summa
320 2268 519 2370 diligentia,
544 2273 679 2366 ingenti
694 2273 888 2366 industria,
907 2276 1078 2346 continua
1094 2301 1162 2348 ne-

159 2386 339 2482 gotiorum
351 2384 559 2456 tractatione
577 2383 669 2453 ullus
682 2397 773 2455 esset
788 2383 834 2455 ad
850 2384 1007 2458 honores
1023 2385 1162 2478 aditus„

98 2556 105 2580 ,.
159 2498 281 2568 omnia
290 2497 365 2568 haec
379 2495 653 2592 neglexisset,ut
666 2495 801 2566 otiosus
812 2495 1037 2570 scholasticus
1047 2522 1167 2597 nugas
1224 2571 1227 2576 ,
1272 2558 1286 2579 ,

161 2606 442 2703 amplexaretur?
458 2609 593 2676 Verum
606 2603 670 2673 uhi
686 2603 840 2675 dissidiis
864 2608 1091 2702 pessumdata
1108 2623 1160 2684 est

159 2715 443 2811 respublica,uhi
453 2713 718 2785 Atheniensium
725 2713 760 2782 in
770 2704 921 2812 Philippi
931 2717 1161 2794 ethlexandri

161 2850 323 2924 regnum,
338 2831 583 2898 Romanorum
599 2824 635 2895 in
648 2826 893 2919 principatum
901 2831 1047 2923 Augusti
1058 2834 1161 2905 cessit

160 2939 307 3036 antiqua
332 2954 366 3010 et
393 2936 598 3010 turbulenta
619 2935 780 3026 libertas,
799 2951 877 3007 tum
903 2939 1050 3012 demum
1087 2946 1160 3019 elo-

161 3052 307 3149 quentia
324 3066 385 3123 aut
401 3049 500 3123 nulla
515 3063 577 3119 aut
593 3047 751 3123 deterior
765 3049 858 3121 sacta
876 3065 946 3142 est,
962 3077 1004 3125 ac
1019 3076 1087 3153 pro
1105 3059 1159 3130 fo·

162 3164 256 3236 rensi
279 3162 465 3260 disciplina
487 3161 584 3233 stetit
608 3185 664 3233 ars
686 3160 885 3234 rhetorum.
903 3165 999 3251 Quid
1013 3182 1089 3239 tum
1114 3170 1160 3246 de

162 3273 502 3372 Graecaeloquentia
516 3273 648 3345 lactum
661 3273 717 3364 sit,
731 3272 789 3345 alii
798 3275 953 3348 viderint
966 3304 978 3349 -ε
995 3280 1079 3352 satis
1091 3279 1160 3352 erit

163 3409 363 3458 memorare
387 3388 579 3461 Isocratem
596 3382 714 3473 illum,
730 3386 971 3459 Demosthene
995 3388 1051 3460 vel
1073 3404 1161 3463 natu

164 3493 350 3588 majorem,
367 3493 430 3591 qui
448 3517 561 3590 quum
578 3493 672 3565 intra
685 3494 849 3592 parietes,
868 3497 1039 3594 quamdiu
1056 3501 1161 3572 vixis-

164 3615 229 3690 set,
244 3626 281 3675 se
297 3605 545 3694 continuisset,
560 3628 658 3677 nunc
673 3604 880 3703 quindecim
894 3632 1009 3681 annos
1023 3610 1161 3708 polien-

164 3707 220 3782 dis
230 3715 444 3811 Pancgyrici
453 3713 508 3787 sui
523 3711 689 3787 clausulis
705 3714 948 3814 impenderet3
965 3744 1063 3790 nunc
1078 3718 1161 3794 laur-

164 3818 227 3895 des
243 3822 386 3899 Helene
400 3851 443 3899 au
458 3823 635 3899 Busiridis
651 3825 708 3898 vel
724 3827 898 3900 tantulam
911 3829 1067 3927 aliquam
1084 3851 1160 3904 rum

165 3934 305 4009 curiosa
322 3937 486 4013 eratione
501 3948 787 4035 persequeretur.
804 3939 845 4010 ld
867 3964 980 4012 unum
1002 3963 1160 4039 quaerore
1208 4010 1213 4022 .

164 4058 288 4119 nostra
300 4139 304 4145 Ι
315 4069 418 4121 mem
442 4059 509 4140 eata
527 4066 600 4147 qua
624 4061 661 4121 et
681 4072 791 4145 quam
805 4048 911 4123 celeri
925 4051 1159 4127 inclinatione
