2804 4980
607 340 779 412 ..8-

194 490 353 587 dumque
371 505 495 588 pectus
514 491 749 562 maximarum
767 513 887 561 rerum
903 503 939 560 et
957 488 1193 587 plurimarum

192 604 384 691 suavitate,
410 601 535 702 copia,
554 603 753 674 varietate¹.
782 630 799 668 u
821 606 864 673 At
883 618 1127 697 transeamus,
1146 631 1195 678 ne

193 714 438 814 imprudentes
461 740 528 813 pro
550 739 636 785 vero
659 719 785 785 Crasso
804 715 1079 787 Ciceronianum
1097 719 1197 790 Cras·

193 855 273 900 sum
290 828 522 900 adumbrasse
539 827 735 899 videamur.

184 948 188 960 '
241 947 362 1029 Quum
379 942 493 1012 iturus
505 941 570 1012 suit
582 943 620 1012 in
637 941 742 1013 ludos
757 942 833 1040 ipse
851 941 989 1031 Cicero,
1004 968 1024 1016 a
1038 960 1199 1017 senatus·

166 1135 167 1138 Ἴ
194 1055 359 1126 consulto
379 1070 413 1127 et
429 1056 593 1126 censorio
611 1055 728 1127 edicto
747 1056 951 1153 superstites
967 1071 1002 1127 et
1020 1059 1120 1155 quasi
1138 1083 1195 1131 re·

194 1168 306 1240 divivi
322 1168 500 1242 florebant
519 1173 639 1241 Rornae
654 1169 828 1260 rhetores,
848 1195 960 1266 quum
978 1173 1102 1259 Graeci,
1117 1187 1196 1244 tum

194 1283 320 1354 Latini.
343 1283 396 1355 hd
413 1283 524 1354 hosce
541 1309 587 1354 ne
604 1281 805 1372 accederet,
826 1283 960 1382 optime
977 1284 1070 1357 cavit
1085 1285 1196 1383 patris

194 1397 385 1495 prudentia
407 1413 442 1468 et
463 1396 752 1468 doctissimorum
770 1395 960 1468 hominum
979 1399 1193 1489 auctoritas;

196 1535 241 1581 ne
265 1509 364 1580 licuit
386 1508 533 1604 quidem
557 1510 608 1599 ei,
633 1533 841 1606 quanquam
860 1508 965 1582 valde
988 1511 1194 1609 exoptanti,

196 1622 293 1694 adire
313 1626 350 1694 L.
373 1621 528 1700 Plotium
544 1623 706 1715 Gallum,
727 1624 789 1721 qui
813 1640 889 1696 tum
909 1623 1032 1697 rhetor
1052 1625 1198 1697 maximi

195 1736 352 1807 nominis
368 1751 444 1808 erat
462 1735 559 1834 apud
577 1734 749 1808 Latinos².
769 1735 853 1808 Illos
871 1750 990 1808 autem
1002 1737 1131 1823 audiit,
1154 1737 1198 1807 il·

195 1849 314 1920 lorum
331 1851 516 1948 praeceptis
532 1849 797 1920 accuratissimo
816 1847 951 1937 studio,
971 1872 1112 1918 summa
1127 1846 1201 1919 do-

196 1961 345 2051 cilitate,
370 1975 405 2031 et
421 1961 521 2057 cujus
536 1976 717 2031 maturum
733 1961 852 2059 ipsum
868 1959 1063 2057 aliquando
1080 1961 1197 2059 poeni·

196 2088 299 2163 teret,
307 2072 430 2169 junior
442 2072 600 2145 adhaesit.
614 2078 799 2160 Quantum
812 2098 929 2172 operae
938 2074 1200 2173 consumpserit

196 2186 233 2257 iu
250 2187 292 2257 iis
308 2188 494 2285 praeceptis
511 2187 736 2284 colligendis,
757 2187 980 2278 recolendis,
1002 2203 1038 2259 et
1058 2187 1200 2260 assidua

198 2302 448 2373 exercitatione
474 2300 690 2392 tractandis,
716 2327 825 2373 nemo
858 2301 982 2373 nescit.
1016 2300 1201 2397 Ejusmodi

197 2438 283 2484 vero
305 2415 481 2510 magistris
506 2439 582 2484 non
603 2416 652 2485 ita
668 2429 743 2485 erat
761 2414 905 2506 affixUS,
924 2427 964 2483 ut
980 2413 1023 2483 iis
1043 2411 1201 2484 sedaret

197 2541 327 2617 totum,
342 2543 377 2598 et
387 2551 492 2599 veros
505 2542 665 2599 oratores
677 2527 713 2598 in
724 2527 847 2599 rostris
861 2526 1206 2623 etjudiciisaudiens

197 2642 373 2714 acerrimo
399 2639 518 2712 studio
543 2640 744 2734 tenebatur,
767 2656 802 2712 et
821 2641 989 2738 frequens
1006 2655 1082 2712 erat
1103 2639 1204 2739 apud
1270 2690 1279 2708 .

194 2754 489 2852 jurisconsultos,
515 2769 549 2826 et
571 2754 731 2826 Philonis
747 2752 947 2825 Academici
969 2753 1123 2850 vestigiis
1143 2754 1205 2824 iu·

198 2867 354 2956 sistebat,
374 2866 576 2938 Diodorum
593 2866 752 2938 Stoicum
771 2864 946 2955 retinebat
958 2864 1088 2937 domi³.
1108 2870 1204 2936 Cum

196 2979 266 3053 hac
285 2996 423 3072 natura,
437 2980 508 3052 hoc
520 2979 720 3052 incredibili
733 2978 894 3050 discendi
907 2977 1049 3066 ardore,
1058 2993 1201 3077 poterat

196 3092 297 3165 haud
314 3093 422 3167 dubie
438 3093 572 3165 versari
591 3084 630 3163 in
652 3090 784 3162 scholis
802 3089 989 3161 rhetorum
1012 3089 1088 3161 sine
1105 3090 1200 3188 peri·

199 3206 281 3277 culo
301 3235 309 3276 :
329 3206 484 3278 habebat
501 3205 597 3277 unde
614 3204 841 3304 gliscentibus
862 3204 955 3277 vitiis
971 3221 1032 3277 aut
1048 3203 1200 3277 obsiste-

198 3334 253 3391 ret
269 3335 331 3392 aut
345 3320 560 3393 mederetur.

247 3439 370 3531 ltaque
386 3433 549 3505 videmus
567 3459 651 3506 eum
671 3448 708 3506 et
724 3435 895 3531 juvenem
911 3446 947 3504 et
964 3435 1142 3504 seniorem
1159 3430 1201 3502 in.

197 3544 383 3618 rhetoricis
401 3547 711 3620 exercitationibus
727 3546 955 3646 pertinaciter
970 3569 1202 3617 commoran-

198 3673 271 3730 tem
290 3687 298 3728 ε
320 3660 555 3756 usqueadeo,
575 3660 606 3732 si
621 3674 724 3732 vacat
740 3658 919 3732 tantulum
937 3682 956 3730 a
973 3658 1076 3749 soro,
1097 3658 1199 3730 timet

237 3877 267 3933 l.
283 3878 328 3932 De
344 3878 504 3951 Orat.,HI,
525 3878 576 3936 30.

236 3965 267 4021 2.
283 3967 401 4027 Sueton.
416 3971 462 4023 De
474 3971 544 4024 clar.
555 3966 640 4044 rhea,
656 3969 686 4026 2.

236 4057 267 4115 3.
282 4059 380 4133 Brut„
395 4060 446 4134 89,
462 4061 512 4118 90.
