2804 4980
597 375 793 443 ...10-

194 535 271 592 eom
293 519 444 591 liberam
466 533 502 591 et
518 519 591 615 jam
610 521 760 593 omnino
779 522 1061 595 Demosthenicae
1080 523 1192 597 facul-

192 632 258 705 tati
274 656 395 730 parem
413 634 449 703 in
462 633 656 704 Antonium
668 634 894 728 jacularetur,
914 635 1014 707 lemae
1029 637 1140 732 magis
1156 650 1192 707 et

192 747 315 847 patriae
325 746 529 839 consulens,
540 771 648 843 quam
662 749 741 818 vitae
750 772 832 818 suae.
841 747 986 820 Alebant
996 750 1101 820 etiam
1114 764 1191 821 tum

193 883 237 931 sc
248 859 472 931 sustinebant
485 859 686 931 facundiam
699 861 774 957 ejus
786 861 911 960 saepius
921 863 1077 961 repetitae
1090 887 1192 932 com-

193 974 455 1062 mentationes,
476 973 555 1070 qui,
575 973 657 1044 licet
674 974 750 1046 illas
766 976 804 1074 in
821 974 1030 1064 Catilinam,
1055 977 1132 1047 illas
1153 977 1192 1046 in

194 1088 343 1156 Verrem
359 1085 539 1159 orationes
554 1085 748 1181 habuisset,
765 1086 832 1158 sibi
849 1087 1047 1159 diffidebat.
1063 1093 1102 1159 ln
1119 1094 1194 1159 Fa-

195 1196 393 1268 miliardus
409 1200 591 1294 Epistola,
609 1199 800 1297 plurimam
817 1200 899 1271 lacit
915 1202 990 1297 ejus
1003 1216 1195 1273 consuetu·

194 1307 288 1382 dinis
314 1311 536 1383 mentionem
562 1340 570 1382 ε
599 1312 658 1383 hic
676 1313 762 1383 dicit
778 1312 824 1385 ad
840 1315 959 1410 ipsum
977 1315 1196 1386 audiendum

194 1427 405 1498 convenisse
419 1427 620 1522 frequentes
631 1424 811 1517 homines,
824 1427 896 1498 illic
911 1453 985 1498 non
1000 1429 1076 1498 sine
1086 1429 1170 1523 joco
1184 1453 1193 1496 ε

198 1565 217 1607 a
237 1540 391 1609 Hirtium
406 1553 442 1609 et
457 1539 680 1610 Dolabellam
698 1540 841 1611 dicendi
857 1540 1050 1640 discipulos
1062 1540 1193 1631 habeo,

196 1652 365 1725 coenandi
380 1654 579 1749 magistros
597 1657 688 1724 Puto
701 1654 797 1724 enim
812 1668 846 1724 te
858 1653 997 1725 audisse
1009 1654 1088 1726 illos
1101 1652 1197 1751 apud

197 1788 256 1836 me
272 1765 517 1853 declamitare,
540 1791 597 1836 me
612 1764 710 1863 apud
732 1791 793 1837 eos
810 1769 981 1836 coenare¹.
1003 1793 1021 1831 n
1043 1769 1157 1860 Atque
1173 1766 1199 1835 ii

196 1892 302 1969 suut,
322 1882 352 1949 si
368 1879 544 1972 conjicere
564 1879 667 1968 licet,
695 1901 786 1972 quos
800 1875 956 1973 grandes
967 1892 1201 1972 praetextatos

198 1990 334 2079 aiebat,
365 2014 528 2087 quosque
556 2015 669 2086 quum
697 1990 733 2058 in
760 1988 888 2060 atriolo
919 1989 1102 2059 Ciceronis
1135 2013 1200 2060 au·

200 2103 322 2179 diendi
352 2089 494 2202 copiam
521 2119 603 2174 aetas
635 2102 772 2173 lecisset
799 2105 846 2173 M.
880 2106 1013 2173 Annaeo
1040 2105 1197 2188 Senecae,

200 2217 358 2288 civilium
375 2217 552 2288 bellorum
572 2216 672 2286 luror
688 2216 886 2312 eripuisset,
906 2240 1048 2287 summo
1065 2214 1202 2287 amissae

199 2330 398 2402 occasionis
414 2330 594 2417 desiderio
610 2330 669 2400 illc
685 2329 874 2400 tenebatur
884 2333 907 2397 ².

202 2471 204 2474 ⁴
249 2447 293 2513 At
320 2468 396 2512 non
422 2442 602 2513 Ciceronis
630 2443 750 2529 unius,
776 2440 839 2512 sed
856 2440 931 2536 jam
954 2455 990 2511 et
1012 2441 1203 2537 aequalium

202 2569 280 2627 erat
293 2555 353 2626 hic
369 2579 448 2626 mos
466 2554 702 2626 declamandi.
720 2555 935 2625 Omittamus
947 2553 1059 2623 filium
1078 2555 1202 2650 ipsius,

204 2669 267 2767 qui
278 2684 427 2767 paterno
440 2670 606 2741 inductus
616 2669 792 2766 exempla,
801 2667 897 2766 apud
909 2669 1068 2740 Cassium
1079 2691 1202 2762 graece,

204 2781 302 2880 apud
322 2788 468 2853 Brutum
485 2784 594 2854 latine
616 2782 843 2853 declamitare
860 2808 896 2853 se
913 2781 1035 2852 scribit
1050 2781 1202 2852 Tironi⁸.

204 2896 438 2967 Declamandi
465 2896 761 2966 consuetudinem
786 2897 964 2992 repetiisse
996 2893 1062 2964 sub
1088 2895 1206 2990 ipsum

204 3009 308 3080 civile
322 3009 459 3081 bellum
479 3009 609 3080 dicitur
628 3014 694 3080 Cn.
713 3009 917 3105 Pompeius,
948 3032 1060 3104 quum
1077 3009 1118 3076 C.
1139 3008 1207 3076 Cu·

204 3124 311 3216 rioni,
330 3124 475 3195 Caesaris
500 3145 644 3194 causam
672 3121 875 3212 defensuro,
902 3121 1008 3191 vellet
1027 3120 1207 3190 contradi·

205 3259 311 3309 cere:
342 3237 620 3308 declamationes
646 3260 692 3306 ne
718 3234 906 3305 Mutinensi
933 3234 1080 3330 quidem
1110 3231 1207 3302 hello

207 3350 327 3422 omisit
355 3354 469 3422 Caesar
494 3351 727 3441 Octavianum
756 3348 966 3419 declamavit
991 3361 1026 3418 et
1052 3344 1209 3416 sedecim

204 3464 399 3535 continuos
423 3464 498 3535 dies
515 3467 563 3536 M.
588 3463 780 3554 Antonius,
806 3462 872 3560 ipsi
887 3461 1000 3532 Tullio
1017 3480 1207 3555 responsu·

207 3598 269 3650 rus
279 3580 302 3648 ⁴¹.

250 3826 279 3882 l.
296 3827 390 3899 Epist.
397 3821 489 3898 fam„
503 3826 558 3896 IX,
575 3822 625 3894 to,
643 3823 692 3895 17,
707 3823 755 3882 20.
772 3854 812 3864 -
826 3823 890 3893 VII,
905 3817 999 3876 ultim.
1063 3894 1065 3898 Α

250 3918 280 3972 2.
300 3917 438 3987 Contrua,
455 3913 506 3972 tib.
523 3918 548 3986 I,
560 3908 644 3987 pras.

252 4009 281 4065 3.
299 4009 391 4081 Epist.
399 4002 551 4079 fam.,lib.
567 4005 645 4061 XVI.

251 4102 281 4158 l.
298 4101 377 4159 Suet.
392 4100 438 4154 De
452 4101 494 4158 ill.
508 4095 633 4169 rtet.‚t.
649 4123 690 4140 -
702 4088 897 4167 CicPdilr'pp.
914 4090 951 4150 V.
