2804 4980
556 996 736 1091 CAPUT
771 997 834 1086 ll.

238 1392 282 1446 Dc
296 1385 472 1446 scholasticis
484 1384 753 1456 declamationibus,
772 1406 835 1465 quae
850 1392 981 1467 Augusto
994 1386 1155 1466 imperante

608 1476 780 1535 floruerunt.

353 1781 376 1863 S
395 1787 419 1841 1.
443 1786 488 1839 De
500 1786 650 1858 superstite
662 1763 743 1856 apud
749 1778 847 1856 sorum
864 1785 1033 1857 eloquentia.

245 2029 322 2096 lam
352 2049 573 2122 quaeramus,
606 2022 792 2119 quomodo
825 2025 952 2095 veteris
985 2023 1198 2120 eloquentiae

194 2139 318 2210 locum
329 2136 556 2235 occupaverit
570 2134 803 2226 declamatio,
821 2149 856 2205 ct
868 2159 935 2231 pro
946 2139 1198 2208 exercitatione
1307 2133 1309 2136 ’

194 2251 386 2322 doruesticu
408 2251 444 2321 in
461 2248 691 2320 simulacrum
712 2273 799 2317 uerae
816 2250 965 2318 cottonis
981 2251 1168 2321 excesserit
1185 2279 1193 2323 :

196 2363 294 2436 uude
308 2363 476 2435 certiores
494 2359 641 2449 fiamuS,
661 2385 849 2458 quousque
871 2360 989 2432 delabi
1010 2363 1121 2459 possit
1141 2387 1197 2434 ars

195 2477 399 2567 rhetorum,
421 2499 552 2574 magno
570 2474 691 2572 aliquo
709 2498 749 2545 ac
765 2476 858 2546 serio
873 2473 945 2547 linc
958 2475 1137 2549 destituta.

245 2588 436 2660 Interfecto
448 2588 634 2677 Cicerone,
652 2602 770 2659 actum
783 2603 836 2659 est
848 2588 894 2659 de
906 2588 1056 2686 publicis
1068 2593 1194 2680 causis,

196 2717 234 2775 et
250 2717 365 2775 rostra
381 2700 479 2772 nulla
496 2715 599 2790 sunt;
619 2726 704 2772 mox
721 2703 864 2773 Caesaris
883 2703 1027 2798 Augusti
1050 2703 1197 2777 victoria

155 2854 160 2859 ·
195 2815 433 2914 eloquentium
451 2812 618 2910 pacabit¹
639 2814 675 2885 iu
700 2828 927 2911 perpetuum.
948 2815 1099 2906 Omnia,
1119 2841 1197 2913 quae

193 2927 244 3000 ad
270 2926 529 3025 rempublicam
558 2941 738 3025 spectant,
776 2942 837 2998 atrt
868 2927 964 3025 apud
997 2929 1197 3027 principem

194 3041 337 3114 secretis
353 3039 509 3111 consiliis
524 3039 789 3130 tractabuntur,
810 3054 871 3111 aut
887 3039 1104 3136 (dummodo
1122 3041 1198 3112 nul·

193 3154 264 3226 lius
277 3155 349 3225 sint
359 3154 551 3249 momenti)
569 3152 616 3224 ad
630 3168 793 3225 senatum
806 3152 1023 3226 deserentur.
1046 3155 1198 3228 Pedibus

193 3267 409 3366 plerumque
434 3263 540 3335 ibunt
564 3266 600 3335 in
626 3266 838 3337 sententiam
862 3271 981 3339 Patres
1008 3298 1017 3338 ε
1042 3294 1085 3340 ex
1106 3270 1147 3339 iis
1168 3271 1197 3339 si

193 3381 277 3479 quis
293 3405 360 3479 pro
377 3378 494 3476 specie
511 3377 695 3450 interdum
714 3377 759 3450 de
780 3378 938 3475 qualibet
954 3405 991 3451 re
1009 3382 1108 3475 gravi
1126 3382 1197 3452 dis·

194 3508 310 3586 serat,
335 3490 618 3589 quotusquisque
641 3491 788 3562 audebit
815 3491 872 3563 vel
901 3491 1022 3588 egredi
1049 3493 1198 3564 relatio-

197 3630 305 3692 ucm,
339 3605 395 3677 vel
424 3603 608 3675 sentcntiae
638 3603 720 3675 loco
747 3602 884 3702 aliquid
911 3604 1060 3695 afferre,
1099 3605 1198 3703 quod

197 3717 352 3816 principi
366 3713 574 3816 displiceat?

245 3833 445 3929 Supersunt
470 3829 596 3903 saltem
620 3828 755 3925 judicia
769 3844 810 3905 ct
827 3853 943 3902 causae
968 3830 1134 3931 privatae,
1163 3846 1198 3903 et

236 4041 268 4096 l.
283 4037 463 4098 Tacitlltal,
480 4040 517 4095 de
534 4039 631 4116 th„
644 4038 697 4101 ³8.

1051 4145 1083 4207 2.
