2804 4980
552 388 746 455 -sst-

149 534 284 627 linguae.
297 530 444 606 verbera
469 533 573 604 hana
592 531 874 602 reformidahat¹.
896 535 1060 604 Attamen
1080 555 1147 604 nec

149 646 244 718 hene
260 647 364 717 vertit
387 646 514 716 Porcio
531 647 696 735 latroni,
717 644 781 739 qui
796 659 1005 739 presentem
1024 643 1147 741 Agrip-

150 781 234 854 pam
252 782 381 854 parum
397 754 623 827 dissimulatis
639 755 808 826 conviciis
827 769 917 824 esset
931 754 1144 825 insectatus:

149 866 257 962 paulo
291 881 374 963 post
404 865 507 936 taedio
538 863 698 960 duplicis·
717 878 898 959 quartanae
927 862 994 932 eilri
1023 885 1148 935 necem

149 977 365 1047 conscivisse
380 975 494 1046 dietus
509 977 596 1061 esn¹3
622 989 657 1044 at
674 988 855 1070 qarartanae
868 972 924 1042 isti
941 972 1060 1041 minus
1073 996 1147 1043 cre·

150 1086 236 1157 dere
252 1086 392 1157 videt-ur
403 1090 449 1156 Μ.
466 1088 613 1168 Seneca,
630 1085 760 1180 vixque
771 1084 959 1154 miseret-ur
970 1081 1143 1174 sodalem,

149 1221 262 1292 quum
276 1221 347 1267 suae
363 1196 438 1293 ipse
454 1195 529 1265 sihi
540 1195 710 1292 pertriciei
727 1193 831 1264 luerit
850 1195 1006 1264 auctor³.

200 1307 323 1378 Obiter
339 1308 461 1378 incitat
477 1306 715 1392 Quintilianus
732 1329 836 1395 euin,
859 1329 968 1399 quern
981 1303 1149 1375 informat

150 1415 199 1487 ad
214 1415 307 1489 benc
322 1417 529 1504 dicendum,
540 1418 570 1486 si
585 1430 668 1512 apte
682 1415 775 1485 hanc
793 1414 1037 1484 suasoriarum
1050 1437 1149 1482 exer·

149 1527 355 1599 citationem
376 1527 546 1598 adh-ibere
563 1527 660 1615 velit,
678 1540 719 1596 nt
733 1525 825 1620 legat
843 1555 861 1592 a
882 1549 956 1594 uon
970 1524 1150 1594 orationes

151 1635 348 1724 modotsetl
360 1635 524 1720 historias
536 1636 641 1705 etiam
656 1663 664 1704 ε
685 1659 843 1729 namque
858 1635 894 1703 in
904 1633 1150 1703 hiscouct’ones

148 1760 257 1841 atquc
287 1749 468 1816 senteuu’oe
498 1745 707 1843 plerumque
743 1743 917 1814 suadendi
944 1767 985 1813 ac
1013 1742 1151 1813 dissuas

148 1852 262 1925 dendi
280 1853 475 1949 funguutur
499 1854 649 1924 uilicio‘.
669 1883 686 1918 u
706 1853 801 1939 Quid
823 1853 918 1925 enirn
937 1865 1033 1935 sum,
1062 1852 1089 1921 si
1103 1849 1150 1923 ad

151 1961 306 2032 calculos
334 1963 486 2046 veneris,
513 1966 696 2033 concurras
714 1964 807 2055 istae,
829 1987 909 2058 quoe
927 1961 1022 2060 apud
1038 1960 1151 2036 histo·

152 2072 286 2144 uiarum
303 2074 491 2170 scriptores
507 2073 667 2170 plurimae
694 2073 942 2160 obversantur,
968 2073 1035 2142 nisi
1057 2095 1151 2143 sanae

151 2183 315 2278 quaedam
332 2199 367 2254 et
381 2183 514 2255 callidae
531 2184 717 2272 suasoriae,
747 2209 826 2279 quae
842 2198 959 2253 tamen
979 2206 1151 2254 nonnun-

149 2318 261 2390 quam
288 2294 454 2367 redolent
483 2293 803 2367 deolemationem?
828 2300 871 2365 At
893 2318 967 2365 non
992 2317 1152 2365 omuese

152 2405 339 2479 rhetorum
364 2405 495 2479 scholis
521 2405 759 2479 defluxerunt.
788 2409 877 2477 Sunt
901 2419 1076 2501 quaeaute
1093 2428 1152 2476 rc-

152 2515 388 2587 molissimum
417 2530 576 2604 aetatem,
603 2539 674 2611 qua
705 2514 918 2585 declamatio
946 2513 1153 2609 pervulgata

151 2647 230 2696 esse
254 2625 451 2712 fertur‚.vel
475 2626 707 2722 anteprirnos
727 2624 911 2695 rhetoricae
928 2624 1011 2695 artis
1028 2623 1153 2695 docto·

154 2758 212 2805 res
228 2738 400 2809 Coracem
423 2750 463 2805 et
488 2734 630 2822 Tisiam,
653 2735 809 2805 historiis
836 2734 975 2804 fueraut
998 2734 1149 2805 insertae.

156 2847 278 2942 Neque
290 2846 389 2919 enim
400 2845 651 2917 obliviscamur
667 2846 712 2916 ab
722 2851 892 2935 Homero,
909 2845 1039 2916 voluta
1055 2844 1153 2941 largo

195 3083 224 3138 l.
240 3080 336 3139 Minus
349 3079 461 3159 ignovit
471 3080 505 3138 iis
519 3084 551 3141 C.
565 3078 804 3157 Caligula.Qnum
819 3080 974 3157 accepisset
985 3077 1089 3136 acriter
1098 3076 1151 3136 de·

153 3169 277 3228 clamare
285 3169 448 3230 Secundum
456 3170 630 3228 Carrinatem
639 3170 777 3228 adversus
789 3183 935 3246 tyrannos,
947 3168 1078 3226 exsulare
1086 3185 1152 3227 eum

151 3260 257 3334 jussit;
278 3260 328 3338 qui
344 3260 462 3317 Athenis
484 3260 559 3316 fame
577 3279 747 3338 oppressus,
762 3259 857 3317 hausit
878 3277 1032 3317 venenum.
1050 3259 1151 3326 Dion,

151 3347 231 3423 LIX,
242 3351 280 3407 20
293 3396 301 3423 ‚
317 3354 437 3423 Juven.‚
448 3353 513 3422 Vll,
526 3350 604 3411 2034

261 3482 383 3535 Poenituit
397 3483 493 3534 multos
502 3501 575 3534 ranae
590 3480 733 3548 sterilisque
742 3479 881 3545 cathedra,

261 3562 333 3616 sieut
343 3561 535 3633 Thrasymaclii
546 3561 642 3632 probat
654 3560 747 3619 exitus,
762 3570 841 3628 atque
849 3557 965 3613 Secundi

261 3642 405 3697 carrinatis
420 3661 426 3696 :
440 3655 466 3696 et
477 3643 550 3694 hunc
565 3642 672 3712 inopem
683 3639 792 3707 vidistis,
807 3641 927 3705 Athenae,

262 3724 305 3775 Nil
316 3737 409 3794 praeter
420 3722 518 3793 gelidas
529 3741 596 3774 ansae
606 3723 726 3774 conferre
736 3721 843 3776 cicutas.

198 3847 226 3900 ἓ.
246 3845 372 3903 Cltrurtic.
392 3836 497 3903 Euseb.
509 3844 598 3903 —Cs.
611 3848 722 3925 Egger,
743 3847 847 3900 Erum.
864 3844 1023 3902 rlcs‘hlrtnr.
1035 3846 1152 3922 auu„

153 3947 186 4012 p.
203 3934 240 3990 tt
256 3935 366 3991 etlhl.
719 3963 722 3967 ·

156 4048 160 4056 ·
194 4024 225 4081 3.
238 4024 368 4081 cimmo.
383 4024 426 4095 ll,
439 4025 488 4081 lh.
687 4049 689 4053 ,

198 4116 226 4172 Ι.
244 4115 297 4185 ΙΙΙ,
313 4116 342 4171 8.
