2804 4980
654 369 850 444 -60-

256 520 409 618 quentiae
428 525 595 592 Romanae
609 544 683 591 non
700 542 843 609 secura,
860 520 897 590 in
915 533 1096 617 posteram
1116 534 1254 592 aetatem
1297 565 1301 571 ·

255 630 499 702 redundatura
515 629 823 703 duleiabaecvitia.
844 629 1038 702 Audiamus
1053 630 1150 701 enim
1164 655 1256 728 quo·

255 741 368 813 modo
380 741 569 813 invehatur
586 743 744 841 ingenus
760 739 869 812 verbis
888 741 1023 812 volucre
1039 756 1143 838 atque
1159 740 1257 814 inciss

255 867 388 942 tatum,
410 853 446 923 iu
467 852 621 924 studium
638 851 842 924 crebrarum
861 842 1152 950 venustarumque
1173 880 1263 925 sen-·

249 966 459 1054 tenueram,
478 987 558 1061 quae
572 962 786 1061 plerumque
797 975 881 1033 sunt
892 966 1006 1061 magis
1020 978 1168 1035 venustae
1182 963 1258 1035 derb

254 1095 397 1171 aesque,
416 1099 524 1177 quam
544 1092 610 1147 aut
626 1077 832 1146 necessariae
848 1089 913 1143 aut
936 1071 1112 1145 interdum
1133 1077 1234 1147 utiles
1240 1106 1256 1164 ;

254 1182 442 1255 audiamus
458 1180 562 1275 eum,'
572 1199 612 1255 ut
629 1198 803 1256 memoret
815 1209 917 1255 senes
934 1208 1042 1282 quum
1053 1176 1254 1279 irrideatur,

256 1307 330 1363 tum
347 1297 454 1365 etiam
467 1295 692 1395 indignantes
698 1311 734 1365 et
740 1295 1014 1383 stomachantes,
1024 1295 1111 1366 dum
1123 1296 1256 1367 miran-

254 1418 315 1475 tur
340 1406 596 1498 adolescentes,
620 1406 745 1506 strepit
768 1406 982 1498 multitud03
1007 1407 1194 1479 audiamus
1217 1421 1258 1478 ut

254 1514 419 1590 hortetur
441 1524 589 1599 Brutum
615 1519 661 1590 ad
685 1518 942 1590 continendam
972 1543 1092 1591 secum
1117 1518 1258 1590 liberali

255 1627 420 1700 custodia
435 1628 676 1726 eloquentiam
696 1655 706 1700 ε
726 1633 802 1698 Hos
818 1631 963 1726 ignotos,
984 1629 1052 1720 ait,
1068 1644 1173 1725 atque
1189 1630 1258 1698 im·
1301 1681 1303 1686 -

248 1737 426 1837 pudentes
435 1765 565 1836 procos
574 1739 809 1838 repudiemus,
826 1754 1085 1836 teneamusque,
1098 1754 1139 1807 ut
1149 1736 1258 1808 adul-

257 1865 331 1920 tam
350 1853 533 1948 virginem,
545 1868 650 1936 caste,
671 1848 760 1921 etad
770 1864 972 1939 amatorum
985 1855 1131 1945 impetu,
1144 1874 1259 1947 quan·

257 1973 332 2029 tum
352 1985 543 2054 possumus
566 1959 840 2056 prohibeamur.
870 1964 998 2032 Nonne
1025 1958 1086 2031 hic
1115 1960 1259 2032 videtur

257 2068 437 2141 ominatus
455 2095 551 2161 esse,
580 2070 757 2169 quidquid
780 2067 905 2167 probri
925 2085 1006 2169 post
1028 2070 1146 2169 ipsum
1171 2065 1258 2143 huic

256 2179 385 2275 virgini
401 2181 445 2252 sit
462 2181 626 2254 illatum?
765 2180 768 2186 ’

302 2292 461 2364 Tenebat
473 2294 571 2367 enim
587 2294 896 2393 praestantissimus
912 2291 1056 2364 dicendi
1073 2306 1197 2363 auctor
1215 2317 1258 2364 ae

231 2398 531 2506 fnaffisterquod
541 2406 688 2476 inomni
700 2431 739 2503 re
751 2404 999 2475 difficillimum
1014 2416 1078 2491 est,
1090 2400 1254 2494 modum;

255 2512 381 2613 dtqne,
396 2530 441 2587 'ut
462 2517 500 2586 in
522 2515 749 2615 philosophia
767 2539 808 2586 ac
828 2513 1007 2605 moribuS,
1029 2515 1129 2585 sicin
1147 2515 1259 2612 ipsius

254 2638 330 2697 arte
347 2625 490 2712 oderat,
507 2624 640 2723 sisqutd
657 2626 807 2696 nimium
822 2639 926 2698 esset.
946 2623 1054 2712 Quod
1075 2626 1105 2696 si
1119 2626 1174 2697 vel
1188 2626 1258 2696 ini·

253 2735 427 2834 prudens,
439 2734 767 2837 ntei‘ex'industria,
786 2760 898 2834 quum
916 2734 1063 2826 diceret,
1083 2735 1258 2806 recideret

126 2925 130 2935 ,
170 2868 183 2889 t
250 2848 382 2944 saepius
401 2846 438 2918 iu
453 2844 591 2947 largum
604 2846 704 2918 illum
722 2871 764 2918 ae
777 2860 968 2918 sonantem
979 2843 1174 2916 verborum
1188 2869 1261 2917 am·

253 2952 392 3044 bitum,
422 2981 531 3054 quem
559 2958 673 3028 Graeci
698 2954 836 3053 aspidas
870 2969 1104 3051 nuncupant,
1135 2971 1257 3027 tamen

253 3067 381 3166 procul
404 3068 554 3157 aberat,
578 3083 619 3139 ut
639 3067 728 3138 nihil
755 3083 880 3139 eontra
906 3065 1103 3136 satietatem
1124 3089 1258 3162 praeca·

254 3192 365 3248 reret.
389 3182 468 3275 lpse
485 3203 552 3248 nos
578 3192 702 3248 monet
728 3203 798 3247 non
824 3199 964 3274 semper
988 3173 1157 3246 utendum
1181 3200 1258 3248 esse

250 3288 488 3383 perpetuitate
495 3289 641 3384 etquasi
648 3289 872 3358 conversione
885 3284 1078 3371 uerborum,
1095 3284 1259 3383 sedsaepe

253 3395 471 3494 carpendam
488 3395 653 3469 membris
674 3396 921 3470 minutioribus
938 3398 1135 3468 orationem
1151 3424 1225 3468 esse
1244 3427 1256 3470 .·

143 3572 148 3581 .
253 3531 330 3615 qna&
347 3525 467 3580 tamen
485 3512 563 3606 ursa
579 3507 738 3580 membra
763 3524 849 3579 sunt
864 3509 1022 3578 numeris
1040 3505 1222 3577 vincienda
1230 3510 1254 3580 ¹.

254 3623 295 3691 ln
309 3618 381 3690 hoc
391 3621 586 3692 novissimo
597 3634 776 3722 praecepto
786 3618 908 3721 prodit
922 3645 960 3691 se
972 3619 1116 3691 Tullius.
1134 3623 1257 3717 Neque

255 3730 1257 3832 e'uimisesncuisolutaSeneeaeoratioapprobaripotue-

294 3994 323 4050 l.
346 3994 443 4062 Brut„
459 3993 511 4065 st,
526 3994 576 4051 96.
710 4033 714 4042 ,

294 4083 324 4138 2.
347 4083 393 4137 De
407 4079 505 4155 Orat„
523 4084 579 4156 111,
593 4085 644 4141 tn.
