2804 4980
593 361 788 434 ..43-

193 517 282 589 'dum
303 527 356 585 est
373 510 621 583 Ciceroniauas
643 537 769 582 causas
793 535 836 582 ex
853 511 1010 584 historiis
1028 537 1103 585 esse
1120 510 1190 587 dei

192 643 364 729 sumptas,
391 627 449 698 vel
471 651 514 696 ex
533 625 678 696 veritate
695 639 757 697 aut
779 649 817 696 re
843 625 960 722 aliqua
984 627 1130 718 recenti,
1155 642 1192 701 et

193 767 252 814 eas
279 739 427 838 quidem
452 737 652 809 forensibus
682 737 889 809 simillimas.
921 742 1037 812 Restat
1054 755 1093 811 ut
1108 754 1190 813 aetas

193 859 334 928 Senecae
350 857 455 952 fictas
469 836 745 940 controversias,
765 851 804 922 id
819 867 873 923 est
889 878 1006 950 neque
1023 879 1067 924 ex
1084 853 1192 926 histo·

192 970 266 1054 riis,
284 991 401 1064 neque
414 990 457 1037 ex
467 965 613 1037 veritate
628 965 699 1037 ulla
710 979 837 1037 tractas
851 965 929 1062 jure
941 966 1008 1038 sibi
1020 967 1188 1040 vindicet.

244 1085 460 1178 Quanquam
482 1080 557 1178 ipse
582 1084 702 1151 Marco
727 1082 868 1152 Senecae
892 1086 1029 1153 Marcus
1060 1085 1195 1155 Seneca

196 1193 303 1291 objici
319 1207 458 1292 potest,
484 1193 581 1293 apud
597 1218 705 1290 quem
727 1194 923 1291 reperimus
946 1194 1075 1267 laetam
1093 1219 1194 1266 men·

196 1309 333 1379 tionem
361 1307 408 1378 de
437 1309 675 1378 controversia
705 1331 729 1378 a
750 1307 922 1379 Cicerone
936 1306 1071 1399 habita,
1094 1323 1130 1378 et
1154 1332 1195 1380 ea

198 1421 346 1519 quidem
370 1421 548 1492 consimili
574 1420 730 1513 illarum,
761 1446 840 1517 quae
863 1420 1008 1515 Augusti
1034 1435 1195 1519 tempore

197 1535 403 1609 declamatae
419 1537 532 1607 sunt¹.
560 1540 647 1606 ltem
664 1535 701 1604 in
717 1533 904 1605 Rhetorice
919 1533 970 1604 ud
979 1537 1197 1606 Herennium

198 1664 234 1721 et
249 1648 348 1719 libris
364 1647 407 1717 de
423 1650 638 1735 Inventione,
660 1649 792 1744 passim
809 1648 970 1718 invenire
987 1662 1040 1718 est
1056 1673 1193 1733 causus,

199 1785 278 1859 quae
288 1761 532 1831 controversiis
542 1761 683 1832 Senecae
699 1761 852 1830 nimium
863 1760 993 1831 similes
1001 1753 1195 1832 videntur¹.

199 1871 271 1946 Sed
286 1889 551 1972 praetereamus,
572 1898 618 1944 ne
637 1874 811 1945 tantulam
827 1873 922 1944 illam
941 1871 1039 1944 fictas
1054 1887 1199 1944 contro·

198 1987 330 2057 versias
358 1984 562 2057 inveniendi
588 1986 737 2081 gloriam
771 1988 818 2056 M.
851 1987 992 2055 Senecae
1017 1985 1200 2058 sodalibus

201 2098 361 2170 invidere
378 2098 576 2170 videamur.
601 2102 722 2185 Quum
746 2123 830 2169 vero
851 2098 928 2193 jam
945 2098 1077 2168 similes
1096 2114 1201 2171 antea
1230 2093 1233 2099 ⁴

201 2210 462 2287 controversias
495 2210 735 2302 inveniamus,
769 2208 815 2280 ad
848 2207 885 2280 id
916 2209 1130 2281 adducimur
1161 2226 1202 2284 ut

201 2348 435 2422 agnoscamus
454 2337 536 2394 ante
547 2326 595 2394 M.
612 2325 783 2393 Senecam
801 2322 961 2393 rhetores
969 2322 1045 2419 jam
1055 2325 1202 2421 coepisse

201 2435 375 2534 desipere,
398 2435 652 2533 etopinemur,
670 2460 745 2507 non
761 2433 852 2506 adeo
870 2433 945 2506 haec
957 2434 1129 2531 placuisse
1147 2436 1202 2508 Ci-

201 2551 338 2623 ceroni.

252 2663 457 2735 Rhetoricae
473 2662 570 2733 enim
586 2663 865 2753 exercitationes,
885 2662 1007 2759 quales
1016 2663 1052 2732 in
1069 2663 1200 2754 scholis

203 2776 443 2864 habebantur,
469 2774 594 2846 acerbe
618 2776 732 2874 carpit
753 2777 790 2846 in
807 2775 955 2870 dialogis
974 2774 1017 2845 cle
1035 2781 1198 2870 Oratore,

204 2905 283 2962 tum
308 2894 347 2960 L.
368 2878 497 2980 Crassi,
517 2902 595 2959 tum
609 2893 657 2959 M.
677 2889 820 2960 Antonii
843 2914 1036 2987 personam
1059 2905 1200 2962 mutua·

202 3019 273 3076 tus.
299 3007 353 3074 De
369 3005 496 3074 Crasso
515 3001 688 3074 hactenus
707 3029 715 3073 ε
744 3018 780 3075 at
796 3002 884 3100 quid
906 3001 951 3073 de
969 3002 1011 3073 iis
1027 3007 1075 3074 M.
1095 3007 1203 3075 Anto·

204 3118 285 3189 nius
306 3131 428 3188 orator
451 3116 598 3187 sensisse
616 3116 768 3208 dicatur,
787 3115 935 3216 paulum
959 3115 1199 3191 attendamus.

205 3231 350 3329 Optime
380 3229 493 3318 enim,
528 3228 617 3325 quid
648 3230 686 3300 in
719 3244 793 3301 arte
822 3235 968 3300 ntorum
1002 3235 1202 3319 Graecorum

245 3464 275 3520 l.
296 3486 309 3512 a
322 3457 408 3518 Color
422 3476 497 3516 unus
511 3457 547 3515 ab
561 3456 696 3516 omnibus
713 3455 763 3534 qui
780 3455 1013 3515 declamaverunt
1025 3455 1205 3516 introductus

206 3563 300 3624 est,ex
315 3547 365 3608 illa
383 3548 535 3608 Ciceronis.
549 3548 688 3608 sententia
705 3558 823 3617 tractus,
838 3563 925 3622 quam
942 3545 973 3603 in
986 3545 1072 3603 simili
1085 3559 1204 3605 contro-

207 3639 303 3700 versia
316 3637 400 3712 dixit,
415 3657 506 3714 quum
519 3634 701 3695 abdicaretur
713 3635 738 3695 is
756 3635 806 3714 qui
819 3634 979 3693 adulteram
993 3647 1112 3693 matrem
1126 3635 1205 3695 occi-

207 3727 332 3795 dendam
345 3739 505 3806 acceperat,
520 3737 549 3785 et
562 3724 709 3784 dimiserat
723 3738 843 3785 terrore.
863 3749 876 3775 a
886 3725 1006 3798 (Contu,
1020 3722 1071 3784 lib.
1088 3729 1113 3798 1,
1128 3729 1172 3800 l.)

248 3822 278 3877 2.
295 3821 351 3875 Pro
358 3821 457 3876 Oreste
471 3815 679 3896 parricida(ad
689 3821 772 3890 Her„
781 3820 807 3889 I,
824 3813 1103 3890 10·l6).—Contra
1112 3819 1206 3874 Hora·

207 3908 292 3981 tium,
305 3905 352 3966 vel
375 3926 429 3985 pro
450 3907 553 3966 eodem
566 3904 672 3964 sororis
690 3907 874 3965 interfectore
890 3905 946 3977 (de
958 3909 1032 3976 Ina,
1048 3908 1204 3981 Itan).-

209 4002 334 4057 Aecusat
355 3997 465 4054 Teucer
486 3996 637 4074 Ulyssem,
665 3995 744 4073 quod
766 3995 854 4054 suerit
876 3992 957 4068 Ajaci
980 3992 1082 4052 mortis
1104 4007 1206 4053 auctor

208 4090 262 4164 (ad
272 4090 357 4161 Hen,
371 4088 397 4160 1,
413 4087 478 4162 ll),
494 4097 549 4147 etc.
