2804 4980
530 395 730 467 ‘-53-
833 439 841 460 .

134 544 293 631 veritate,
312 556 384 613 tam
401 540 651 638 singularibus,
666 563 929 637 nonnunquam
943 541 1050 612 etiam
1061 555 1134 613 tam

134 653 268 753 pravis,
283 677 357 724 non
371 664 537 750 poterant
550 654 637 750 quin
653 675 758 725 veras
771 673 896 724 causas
915 664 951 723 et
964 651 1078 723 bonas
1098 655 1133 723 ‘m

135 765 216 838 loro
232 764 387 836 aliorum
404 764 573 837 lacerent.

184 881 298 946 Nemo
316 897 440 958 sanus,
468 873 575 945 etiarn
594 873 741 968 Augusti
758 886 937 970 tempore,
958 872 1046 971 quid
1072 873 1136 946 de·

136 981 315 1055 clamandi
340 1005 419 1051 mos
445 981 511 1053 iste
532 981 672 1052 ridiculi
698 980 846 1054 haberet
872 1004 914 1052 ac
930 981 1134 1078 periculosi,

136 1119 211 1166 non
234 1092 463 1189 intelligebat.
490 1097 533 1163 At
555 1094 840 1191 quotusquisque
860 1093 1020 1189 gliscenti
1040 1095 1138 1173 malo

137 1202 327 1296 obsistere,
361 1218 396 1274 et
428 1201 621 1301 plausuum
649 1203 830 1274 lenocinio
866 1229 904 1275 se
937 1203 1139 1278 subducere

136 1315 270 1412 potuit,
304 1337 436 1411 quum,
470 1326 511 1385 ut
538 1338 647 1412 supra
674 1313 848 1406 vidimus,
882 1314 949 1412 ipsi
980 1306 1138 1388 forenses

138 1439 296 1496 oratores
320 1423 486 1494 nonnihil
511 1423 568 1494 isti
597 1423 850 1495 consuetudini
878 1424 1139 1495 concesserint?

137 1538 354 1608 Omittamus
377 1562 457 1632 quae
476 1536 671 1633 prudenter
686 1561 785 1633 aeque
808 1559 850 1606 ac
875 1534 966 1606 salse
993 1533 1040 1604 de
1065 1534 1139 1608 hoc

137 1644 340 1717 disseruerit
368 1646 509 1717 Cassius
534 1649 705 1736 Severus,
725 1647 811 1743 qui,
830 1647 988 1744 optimus
1004 1646 1041 1717 in
1059 1645 1139 1728 loro

138 1767 271 1846 orator,
291 1779 365 1824 nort
391 1754 440 1826 ita
464 1753 582 1824 bonus
599 1754 635 1824 in
659 1753 918 1824 declamatione
935 1752 1141 1851 reperieba-

137 1867 221 1935 tur¹
248 1890 257 1935 ε
284 1859 491 1964 suspectum
516 1865 592 1960 ejus
614 1889 690 1936 esse
722 1878 840 1962 potest
860 1864 1051 1959 judicium,
1077 1879 1140 1938 aut
1202 1923 1204 1928 .

139 1973 262 2044 saltem
278 1999 353 2045 non
372 1978 455 2047 satis
471 1991 627 2072 aequum.
648 1974 737 2072 lpsis
755 1971 1059 2051 declamatoribus
1076 1970 1142 2045 eli·
1166 1964 1171 1971 ’

137 2085 265 2157 cienda
274 2087 633 2159 estdeclamationum
644 2110 808 2157 censura.
821 2091 867 2155 Μ.
881 2086 978 2163 enim
987 2088 1136 2180 Seneca,

137 2197 200 2294 qui
215 2196 390 2270 indelessa
403 2200 626 2269 memoriast
641 2221 767 2286 manu,
787 2196 912 2268 decem
925 2200 1139 2269 Controver-

137 2307 269 2378 siarum
295 2308 425 2400 libros,
451 2335 565 2380 unum
583 2308 832 2380 Suasoriarum
852 2307 1082 2406 conscripsit,
1109 2309 1140 2381 si

137 2418 284 2510 quando
306 2420 425 2491 minus
447 2410 751 2518 otticqpr'udenti
774 2417 850 2490 seni
882 2442 986 2491 amor
1011 2420 1140 2492 veteris

136 2524 256 2618 studii,
278 2529 349 2599 sive
364 2529 469 2600 taedio
488 2529 557 2601 sub
573 2527 683 2599 finem
699 2528 775 2626 ipsc
791 2529 922 2627 petitus
945 2540 1141 2625 est,'quam

137 2656 212 2705 esse
245 2637 543 2710 declamationem
572 2651 719 2729 censet,
755 2638 823 2708 nisi
853 2638 999 2736 aliquod
1028 2664 1141 2733 genus

138 2746 259 2842 scripti
269 2773 405 2843 parum
419 2747 589 2819 solidum’
607 2763 669 2843 aut
685 2774 760 2819 rem
778 2775 850 2819 non
863 2742 1039 2821 serium⁸l
1059 2754 1139 2821 Non

137 2854 238 2925 aliter
253 2868 493 2952 atque‘orator
504 2857 643 2929 Cassius
652 2860 803 2929 Severus
819 2857 865 2930 de
880 2856 1140 2931 declamatione

137 2968 244 3038 sentit
259 2968 478 3046 declamator
491 2973 681 3040 Montanus
695 2968 879 3056 Votienus,
898 2969 960 3066 qui
978 2992 1057 3040 eam
1070 2960 1141 3041 me·

137 3079 214 3147 ram
231 3102 306 3148 esse
323 3080 598 3151 ostentationem
615 3077 717 3149 sacile
738 3092 774 3149 et
788 3077 971 3172 ingeniose
987 3077 1139 3149 demon·

138 3201 225 3258 strat
239 3189 262 3258 ⁴.
285 3192 331 3260 Se
355 3214 469 3286 quum
490 3192 541 3262 sic
557 3204 679 3287 aperte
692 3203 844 3285 arguant
867 3182 1137 3282 declamatores,

137 3300 218 3396 quis
234 3324 296 3371 eos
313 3301 506 3373 defendet?
747 3304 749 3311 '

186 3416 229 3482 At
246 3413 489 3511 nequidquam
508 3413 574 3512 ipsi
591 3437 693 3484 suam
706 3411 850 3510 culpam
866 3409 1017 3482 confessi
1035 3425 1131 3499 sunt,

137 3522 381 3622 nequidquam
396 3525 431 3595 in
447 3549 527 3595 eam
545 3525 675 3596 invecti
687 3537 771 3594 sunt
784 3520 1034 3621 sapientissimi
1047 3519 1135 3591 viri:

179 3832 208 3885 l.
223 3831 297 3885 Eae.
315 3833 455 3902 Contrua,
469 3826 521 3887 lib.
538 3829 595 3901 ΙΙΙ,
605 3826 690 3906 prus.

179 3920 209 3977 2.
226 3921 365 3987 contum,
378 3921 403 3989 l,
420 3921 451 3980 8.

180 4010 208 4066 3.
223 4006 315 4080 thid„
330 4007 380 4065 lib.
396 4006 477 4086 vulg.
492 4011 529 4082 V,
540 4003 625 4085 pras.

180 4101 209 4156 l.
223 4097 281 4158 Adi
296 4101 435 4170 conum„
449 4096 501 4156 lib.
512 4097 594 4178 vulg·
605 4100 656 4172 lV,
662 4095 747 4173 pras.
