2804 4980
574 401 624 420 ..
649 365 772 437 65...-

150 527 241 603 tur,
248 511 341 584 inter
349 536 458 609 quem
465 510 622 607 denique
633 526 667 582 et
676 512 889 593 Ciceronem
897 512 1106 612 aliquandiu
1116 543 1179 592 an·

168 648 254 721 ceps
264 622 329 693 luit
340 623 559 721 principatus
570 621 808 719 eloquentiae&
818 627 965 716 Tamen,
978 625 1067 699 dum
1073 627 1173 722 vixit,

147 731 343 815 ‚invictum
367 759 405 805 se
424 734 571 806 credere
597 733 715 831 potuit
743 734 890 826 Cicero,
912 737 970 807 cui
994 753 1178 836 supererat

146 855 209 916 ,ut
223 841 272 914 ad
290 843 465 942 populum
482 857 709 941 provocaret,
726 843 872 942 ejusque
889 844 1032 942 plausus
1048 837 1180 946 ineptia

168 953 226 1024 vel
245 954 408 1050 malignis
420 953 719 1026 obtrectatoribus
730 969 931 1052 opponeret
940 959 962 1026 ².
973 956 1044 1027 Sed
1054 974 1179 1054 postea

161 1053 280 1161 quam
304 1065 514 1137 triumvirali
547 1065 808 1163 proscriptione
842 1082 1077 1165 consumptus
1109 1083 1174 1156 est,

168 1176 299 1273 passim
317 1177 379 1273 qui
397 1176 561 1263 oderant,
572 1175 634 1271 qui
652 1174 873 1264 invidebant,
886 1177 949 1271 qui
962 1174 1179 1248 aemulaban-

169 1301 241 1377 tur,
258 1286 461 1358 adulatores
478 1286 584 1356 etiarn
602 1285 781 1382 praesentis
800 1287 985 1382 potentiae,
1007 1310 1081 1356 non
1105 1311 1179 1356 res-

169 1423 370 1495 ponsurum
388 1399 594 1469 invaserunt
604 1398 626 1465 ³.
656 1400 706 1466 Ex
734 1395 790 1466 his
809 1395 1010 1493 posthumis
1027 1397 1180 1468 inimicis

167 1508 417 1580 infestissimus
429 1508 492 1578 luit
501 1510 611 1605 faniae
626 1505 950 1577 Ciceronrirrlsinius
966 1505 1105 1594 Pollio⁸,
1119 1508 1181 1604 qui

166 1632 290 1689 tamen
302 1617 400 1687 baud
409 1620 457 1688 ita
475 1633 550 1687 erat
566 1642 687 1713 aequus
704 1619 853 1704 articul,
873 1616 937 1687 sed
953 1619 1015 1712 qui
1034 1616 1179 1689 officere

171 1727 311 1797 nomini
335 1750 400 1797 suo
424 1725 516 1796 illius
542 1725 754 1796 memoriam
782 1725 968 1797 sentiebat.
996 1730 1181 1813 Quantum

140 1882 143 1888 -
162 1838 297 1914 eadem
312 1836 484 1912 memoria
504 1834 705 1938 displiceret
723 1833 841 1912 Cestio
859 1833 994 1912 rhetori
1005 1836 1079 1934 jam
1092 1836 1180 1914 dixi·

46 1956 49 1963 '
161 1975 262 2022 rinus.
280 1957 399 2025 Exstat
413 1957 452 2026 P.
468 1953 630 2026 Latronis
647 1966 706 2025 aut
719 1952 807 2025 alius
824 1950 1010 2049 cujuslibet
1027 1951 1182 2028 scholas.

171 2063 231 2133 tici
247 2062 478 2153 declamatio,
498 2067 630 2161 quaein
648 2066 763 2136 civem
782 2080 817 2136 et
834 2066 1019 2136 consulem
1041 2080 1182 2137 tantum

168 2200 244 2247 non
262 2179 380 2247 omnis
397 2193 489 2269 acta,
504 2179 610 2248 etiam
630 2178 665 2246 in
684 2192 864 2247 oratorem
882 2176 1061 2248 redundat
1074 2193 1181 2274 atque

168 2288 275 2358 istam
294 2288 563 2359 immoderatam
584 2288 928 2384 eloquentiambstll.
954 2290 1096 2359 Senecae
1119 2287 1182 2359 filii

165 2395 379 2469 'Ciceronem
405 2396 521 2494 legere
547 2394 855 2492 dedignabantur,
876 2392 977 2491 quod
1002 2394 1044 2464 iis
1072 2397 1181 2466 senex

136 2550 139 2555 -
166 2522 271 2604 pater
287 2507 480 2606 exprobrat
503 2509 593 2580 salse
610 2508 758 2605 quidem
780 2531 822 2577 ac
838 2507 980 2579 lacete⁷.
998 2506 1095 2594 Quid
1115 2490 1180 2577 nii·

166 2617 271 2688 rum?
284 2617 430 2689 Plurimi
445 2617 619 2708 rhetoreS,
632 2619 738 2689 Cestii
752 2618 876 2705 instar,
887 2616 987 2687 bunc
1002 2615 1039 2686 in
1057 2615 1180 2688 schola

165 2751 234 2798 sua
259 2727 440 2826 discipulis
461 2729 577 2824 legere
602 2727 810 2799 destiterant
826 2729 864 2796 ⁸:
893 2750 1050 2823 quorum
1072 2727 1178 2797 etiam

169 2860 284 2928 unus,
313 2837 422 2909 Rusus
449 2827 597 2908 nomine
610 2889 620 2922 ,
651 2837 860 2908 Ciceronem
889 2833 1083 2932 Allobroga
1111 2859 1176 2906 vo·

204 3071 240 3157 a.
254 3096 692 3170 racu.necur.0·rat.,ia-n.
701 3089 914 3156 senecam,
923 3081 1058 3168 itanu.
1067 3086 1173 3174 mas,

195 3191 239 3246 52.
260 3194 344 3251 Tun.
357 3205 456 3267 quaest.
470 3198 509 3267 11,
526 3199 553 3257 l.

195 3283 238 3338 ³3.
262 3280 396 3354 Quintil„
412 3287 481 3356 xit,
494 3288 547 3358 10,
562 3289 610 3344 13.

194 3375 238 3430 st.
261 3375 301 3430 Μ.
316 3374 416 3431 Senes.
433 3378 516 3433 Sans.
529 3381 560 3436 6.

194 3463 235 3520 .5.
259 3461 304 3522 Id.
324 3463 499 3533 Contr.‚.lib.
517 3466 598 3545 vulg.
614 3469 651 3539 V,
670 3469 719 3524 34,

197 3552 236 3610 ’6.
263 3578 276 3605 a
293 3557 422 3613 Declam.
437 3556 467 3610 in
482 3559 569 3616 Cicer.
588 3559 620 3615 P.
643 3554 777 3614 Latronis
798 3569 848 3616 aut
861 3557 955 3638 potius
975 3557 1050 3622 Vibii
1066 3561 1170 3648 Crispi,

139 3638 212 3696 mel
230 3639 348 3701 alterius
364 3664 428 3702 non
449 3644 550 3704 insulsi
568 3645 691 3704 rhetoris
712 3645 839 3723 antiqui,
854 3668 941 3727 quam
963 3653 1088 3713 Sallustii
1110 3677 1172 3719 esse

160 3727 293 3787 creditur
315 3733 424 3792 a'viris
444 3734 546 3795 doctis.
567 3760 580 3786 r
602 3735 724 3808 (Fabric.
742 3736 830 3798 Btlrl.¹
845 3743 911 3812 lan,
933 3743 959 3815 1,
982 3763 1013 3821 p.
1034 3748 1118 3823 151.)
1131 3781 1172 3792 -

163 3816 207 3875 Cf.
224 3819 292 3878 Sall.
309 3825 451 3899 Lemaire,
466 3846 497 3904 p.
514 3829 585 3898 497,
601 3826 686 3905 chap.
703 3847 724 3887 1.
1061 3833 1063 3837 ’

204 3910 232 3966 7.
256 3913 368 3969 Suasor.
386 3919 414 3973 7.

132 3994 136 4003 '
203 3998 231 4054 8.
251 3998 400 4087 plutarch.
421 4007 479 4063 Vir.
498 4010 556 4066 Cic.
562 4051 572 4084 ,
587 4004 641 4071 sub
655 4007 705 4075 fin,
726 4041 767 4059 -··
782 4012 897 4090 Egger,
910 3978 1019 4074 deam.
1036 4017 1087 4073 des
1098 4014 1166 4074 tua

158 4089 414 4168 a’Aug.‚p.irs.
1079 4092 1081 4097 '

1015 4195 1044 4259 5.
