<?xml version="1.0" encoding="UTF-8"?>
<!DOCTYPE html PUBLIC "-//W3C//DTD XHTML 1.0 Transitional//EN"
    "http://www.w3.org/TR/xhtml1/DTD/xhtml1-transitional.dtd">
<html xmlns="http://www.w3.org/1999/xhtml" xml:lang="en" lang="en">
 <head>
  <title>
</title>
<meta http-equiv="Content-Type" content="text/html;charset=utf-8" />
  <meta name='ocr-system' content='tesseract 3.04.00' />
  <meta name='ocr-capabilities' content='ocr_page ocr_carea ocr_par ocr_line ocrx_word'/>
</head>
<body>
  <div class='ocr_page' id='page_1' title='image "./decorruptapostc00chasgoog_0094.png"; bbox 0 0 2804 4980; ppageno 0'>
   <div class='ocr_carea' id='block_1_1' title="bbox 598 354 794 430">
    <p class='ocr_par' dir='ltr' id='par_1_1' title="bbox 598 354 794 430">
     <span class='ocr_line' id='line_1_1' title="bbox 598 354 794 430; baseline 0.005 -19"><span class='ocrx_word' id='word_1_1' title='bbox 598 396 647 411; x_wconf 91' lang='lat'><strong>..</strong></span> <span class='ocrx_word' id='word_1_2' title='bbox 672 354 794 430; x_wconf 75' lang='lat'><strong>33--</strong></span> 
     </span>
    </p>
   </div>
   <div class='ocr_carea' id='block_1_2' title="bbox 123 506 1245 3717">
    <p class='ocr_par' dir='ltr' id='par_1_2' title="bbox 185 506 1245 2272">
     <span class='ocr_line' id='line_1_2' title="bbox 244 506 1198 605; baseline -0.002 -22"><span class='ocrx_word' id='word_1_3' title='bbox 244 514 342 583; x_wconf 88' lang='lat' dir='ltr'><strong>lnt&#39;er</strong></span> <span class='ocrx_word' id='word_1_4' title='bbox 357 507 616 582; x_wconf 77' lang='lat' dir='ltr'><strong>declamatores</strong></span> <span class='ocrx_word' id='word_1_5' title='bbox 633 529 780 604; x_wconf 91' lang='lat' dir='ltr'><strong>quoque</strong></span> <span class='ocrx_word' id='word_1_6' title='bbox 796 506 927 577; x_wconf 82' lang='lat' dir='ltr'><strong>versati</strong></span> <span class='ocrx_word' id='word_1_7' title='bbox 942 521 1027 579; x_wconf 91' lang='lat' dir='ltr'><strong>sunt</strong></span> <span class='ocrx_word' id='word_1_8' title='bbox 1045 506 1198 605; x_wconf 75' lang='lat' dir='ltr'>aequales</span> 
     </span>
     <span class='ocr_line' id='line_1_3' title="bbox 193 618 1200 712; baseline -0.006 -16"><span class='ocrx_word' id='word_1_9' title='bbox 193 620 541 697; x_wconf 71' lang='lat' dir='ltr'><strong>Nasonis-Alaronius</strong></span> <span class='ocrx_word' id='word_1_10' title='bbox 558 618 646 712; x_wconf 88' lang='lat' dir='ltr'><strong>Siln,</strong></span> <span class='ocrx_word' id='word_1_11' title='bbox 672 618 915 691; x_wconf 79' lang='lat' dir='ltr'><strong>Albinovanus</strong></span> <span class='ocrx_word' id='word_1_12' title='bbox 936 619 1047 709; x_wconf 80' lang='lat' dir='ltr'><strong>Pedo,</strong></span> <span class='ocrx_word' id='word_1_13' title='bbox 1068 622 1200 692; x_wconf 89' lang='lat' dir='ltr'><strong>Corne·</strong></span> 
     </span>
     <span class='ocr_line' id='line_1_4' title="bbox 194 729 1201 831; baseline -0.003 -24"><span class='ocrx_word' id='word_1_14' title='bbox 194 733 265 807; x_wconf 92' lang='lat' dir='ltr'><strong>lius</strong></span> <span class='ocrx_word' id='word_1_15' title='bbox 275 736 439 807; x_wconf 83' lang='lat' dir='ltr'><strong>Severus¹</strong></span> <span class='ocrx_word' id='word_1_16' title='bbox 451 760 459 804; x_wconf 90' lang='lat'>:</span> <span class='ocrx_word' id='word_1_17' title='bbox 473 756 579 831; x_wconf 88' lang='lat' dir='ltr'><strong>quos,</strong></span> <span class='ocrx_word' id='word_1_18' title='bbox 593 731 768 829; x_wconf 90' lang='lat' dir='ltr'><strong>quoniam</strong></span> <span class='ocrx_word' id='word_1_19' title='bbox 779 729 868 801; x_wconf 89' lang='lat' dir='ltr'><strong>nihil</strong></span> <span class='ocrx_word' id='word_1_20' title='bbox 883 755 1023 822; x_wconf 87' lang='lat' dir='ltr'><strong>eorum,</strong></span> <span class='ocrx_word' id='word_1_21' title='bbox 1041 744 1102 802; x_wconf 88' lang='lat' dir='ltr'><strong>aut</strong></span> <span class='ocrx_word' id='word_1_22' title='bbox 1113 756 1201 830; x_wconf 91' lang='lat' dir='ltr'><strong>pau-</strong></span> 
     </span>
     <span class='ocr_line' id='line_1_5' title="bbox 194 839 1202 943; baseline -0.003 -26"><span class='ocrx_word' id='word_1_23' title='bbox 194 864 238 918; x_wconf 81' lang='lat' dir='ltr'><strong>ca</strong></span> <span class='ocrx_word' id='word_1_24' title='bbox 255 856 458 943; x_wconf 86' lang='lat' dir='ltr'><strong>supersunt,</strong></span> <span class='ocrx_word' id='word_1_25' title='bbox 479 840 754 941; x_wconf 83' lang='lat' dir='ltr'><strong>praeteribimus.</strong></span> <span class='ocrx_word' id='word_1_26' title='bbox 777 839 874 927; x_wconf 90' lang='lat' dir='ltr'><strong>Quid</strong></span> <span class='ocrx_word' id='word_1_27' title='bbox 889 839 936 911; x_wconf 92' lang='lat' dir='ltr'><strong>de</strong></span> <span class='ocrx_word' id='word_1_28' title='bbox 956 841 1112 930; x_wconf 86' lang='lat' dir='ltr'>Seneca,</span> <span class='ocrx_word' id='word_1_29' title='bbox 1138 843 1202 938; x_wconf 93' lang='lat' dir='ltr'><strong>qui</strong></span> 
     </span>
     <span class='ocr_line' id='line_1_6' title="bbox 192 951 1203 1052; baseline -0.006 -22"><span class='ocrx_word' id='word_1_30' title='bbox 192 954 341 1049; x_wconf 83' lang='lat' dir='ltr'><strong>dicitur,</strong></span> <span class='ocrx_word' id='word_1_31' title='bbox 352 964 355 969; x_wconf 87' lang='lat'>&#39;</span> <span class='ocrx_word' id='word_1_32' title='bbox 366 954 540 1052; x_wconf 79' lang='lat' dir='ltr'><strong>Tragion?</strong></span> <span class='ocrx_word' id='word_1_33' title='bbox 561 957 691 1024; x_wconf 89' lang='lat' dir='ltr'><strong>Nonne</strong></span> <span class='ocrx_word' id='word_1_34' title='bbox 708 966 743 1024; x_wconf 94' lang='lat' dir='ltr'><strong>et</strong></span> <span class='ocrx_word' id='word_1_35' title='bbox 758 951 860 1023; x_wconf 91' lang='lat' dir='ltr'><strong>illum</strong></span> <span class='ocrx_word' id='word_1_36' title='bbox 881 951 1203 1024; x_wconf 81' lang='lat' dir='ltr'>declamationibus</span> 
     </span>
     <span class='ocr_line' id='line_1_7' title="bbox 185 1060 1204 1163; baseline -0.003 -26"><span class='ocrx_word' id='word_1_37' title='bbox 185 1060 396 1139; x_wconf 57' lang='lat' dir='ltr'><strong>‘interfuisse</strong></span> <span class='ocrx_word' id='word_1_38' title='bbox 412 1064 537 1163; x_wconf 91' lang='lat' dir='ltr'><strong>liquet,</strong></span> <span class='ocrx_word' id='word_1_39' title='bbox 558 1063 631 1133; x_wconf 89' lang='lat' dir='ltr'><strong>sive</strong></span> <span class='ocrx_word' id='word_1_40' title='bbox 649 1085 732 1133; x_wconf 92' lang='lat' dir='ltr'><strong>eum</strong></span> <span class='ocrx_word' id='word_1_41' title='bbox 750 1086 826 1133; x_wconf 92' lang='lat' dir='ltr'><strong>esse</strong></span> <span class='ocrx_word' id='word_1_42' title='bbox 843 1063 1010 1134; x_wconf 90' lang='lat' dir='ltr'><strong>eumdem</strong></span> <span class='ocrx_word' id='word_1_43' title='bbox 1027 1087 1069 1134; x_wconf 91' lang='lat' dir='ltr'><strong>ac</strong></span> <span class='ocrx_word' id='word_1_44' title='bbox 1084 1062 1204 1134; x_wconf 89' lang='lat' dir='ltr'><strong>Philo·</strong></span> 
     </span>
     <span class='ocr_line' id='line_1_8' title="bbox 197 1171 1205 1275; baseline -0.001 -27"><span class='ocrx_word' id='word_1_45' title='bbox 197 1175 354 1275; x_wconf 79' lang='lat' dir='ltr'><strong>sophum</strong></span> <span class='ocrx_word' id='word_1_46' title='bbox 373 1175 428 1272; x_wconf 89' lang='lat' dir='ltr'><strong>(ut</strong></span> <span class='ocrx_word' id='word_1_47' title='bbox 444 1172 634 1246; x_wconf 86' lang='lat' dir='ltr'><strong>verisimile</strong></span> <span class='ocrx_word' id='word_1_48' title='bbox 651 1171 720 1269; x_wconf 88' lang='lat' dir='ltr'><strong>est)</strong></span> <span class='ocrx_word' id='word_1_49' title='bbox 735 1174 930 1270; x_wconf 83' lang='lat' dir='ltr'><strong>putaveris,</strong></span> <span class='ocrx_word' id='word_1_50' title='bbox 947 1175 1020 1245; x_wconf 89' lang='lat' dir='ltr'><strong>sive</strong></span> <span class='ocrx_word' id='word_1_51' title='bbox 1037 1176 1113 1271; x_wconf 84' lang='lat' dir='ltr'><strong>ejus</strong></span> <span class='ocrx_word' id='word_1_52' title='bbox 1128 1190 1205 1247; x_wconf 90' lang='lat' dir='ltr'><strong>tan·</strong></span> 
     </span>
     <span class='ocr_line' id='line_1_9' title="bbox 196 1285 1203 1385; baseline -0.003 -26"><span class='ocrx_word' id='word_1_53' title='bbox 196 1300 276 1360; x_wconf 85' lang='lat' dir='ltr'><strong>tum</strong></span> <span class='ocrx_word' id='word_1_54' title='bbox 289 1287 490 1385; x_wconf 79' lang='lat' dir='ltr'><strong>tragoedias,</strong></span> <span class='ocrx_word' id='word_1_55' title='bbox 505 1298 676 1383; x_wconf 90' lang='lat' dir='ltr'><strong>tanquam</strong></span> <span class='ocrx_word' id='word_1_56' title='bbox 689 1285 832 1356; x_wconf 91' lang='lat' dir='ltr'><strong>alterius</strong></span> <span class='ocrx_word' id='word_1_57' title='bbox 844 1286 1000 1357; x_wconf 87' lang='lat' dir='ltr'><strong>aucturis</strong></span> <span class='ocrx_word' id='word_1_58' title='bbox 1013 1287 1203 1384; x_wconf 77' lang='lat' dir='ltr'>respicias?</span> 
     </span>
     <span class='ocr_line' id='line_1_10' title="bbox 198 1396 1204 1495; baseline 0 -25"><span class='ocrx_word' id='word_1_59' title='bbox 198 1400 527 1471; x_wconf 80' lang='lat' dir='ltr'><strong>Nunnchoctotum</strong></span> <span class='ocrx_word' id='word_1_60' title='bbox 537 1396 1016 1495; x_wconf 83' lang='lat' dir='ltr'><strong>declamatoriumestupusl</strong></span> <span class='ocrx_word' id='word_1_61' title='bbox 1030 1401 1088 1468; x_wconf 85' lang='lat' dir='ltr'><strong>Est</strong></span> <span class='ocrx_word' id='word_1_62' title='bbox 1096 1398 1204 1470; x_wconf 89' lang='lat' dir='ltr'><strong>etiam</strong></span> 
     </span>
     <span class='ocr_line' id='line_1_11' title="bbox 198 1506 1207 1610; baseline -0.002 -27"><span class='ocrx_word' id='word_1_63' title='bbox 198 1506 261 1583; x_wconf 85' lang='lat' dir='ltr'><strong>ubi</strong></span> <span class='ocrx_word' id='word_1_64' title='bbox 275 1511 429 1610; x_wconf 83' lang='lat' dir='ltr'><strong>primam</strong></span> <span class='ocrx_word' id='word_1_65' title='bbox 445 1510 642 1584; x_wconf 77' lang='lat' dir='ltr'>suasoriam</span> <span class='ocrx_word' id='word_1_66' title='bbox 657 1532 795 1599; x_wconf 90' lang='lat' dir='ltr'><strong>earum,</strong></span> <span class='ocrx_word' id='word_1_67' title='bbox 810 1534 888 1606; x_wconf 88' lang='lat' dir='ltr'><strong>quae</strong></span> <span class='ocrx_word' id='word_1_68' title='bbox 901 1524 1107 1582; x_wconf 86' lang='lat' dir='ltr'><strong>memoratae</strong></span> <span class='ocrx_word' id='word_1_69' title='bbox 1122 1523 1207 1581; x_wconf 92' lang='lat' dir='ltr'><strong>suut</strong></span> 
     </span>
     <span class='ocr_line' id='line_1_12' title="bbox 198 1617 1204 1710; baseline -0.006 -15"><span class='ocrx_word' id='word_1_70' title='bbox 198 1644 221 1695; x_wconf 81' lang='lat' dir='ltr'>a</span> <span class='ocrx_word' id='word_1_71' title='bbox 237 1624 286 1691; x_wconf 88' lang='grc' dir='ltr'><strong>Μ.</strong></span> <span class='ocrx_word' id='word_1_72' title='bbox 305 1622 454 1710; x_wconf 84' lang='lat' dir='ltr'>Seneca,</span> <span class='ocrx_word' id='word_1_73' title='bbox 472 1619 616 1692; x_wconf 88' lang='lat' dir='ltr'><strong>videtur</strong></span> <span class='ocrx_word' id='word_1_74' title='bbox 632 1619 864 1690; x_wconf 55' lang='lat' dir='ltr'><strong>meminisse&amp;</strong></span> <span class='ocrx_word' id='word_1_75' title='bbox 884 1617 981 1706; x_wconf 87' lang='lat' dir='ltr'><strong>Quid</strong></span> <span class='ocrx_word' id='word_1_76' title='bbox 995 1618 1041 1690; x_wconf 94' lang='lat' dir='ltr'><strong>de</strong></span> <span class='ocrx_word' id='word_1_77' title='bbox 1059 1621 1099 1691; x_wconf 87' lang='grc' dir='ltr'><strong>Α.</strong></span> <span class='ocrx_word' id='word_1_78' title='bbox 1120 1623 1204 1689; x_wconf 90' lang='lat' dir='ltr'><strong>Per·</strong></span> 
     </span>
     <span class='ocr_line' id='line_1_13' title="bbox 199 1726 1211 1827; baseline -0.005 -25"><span class='ocrx_word' id='word_1_79' title='bbox 199 1728 276 1802; x_wconf 79' lang='lat' dir='ltr'><strong>sio?</strong></span> <span class='ocrx_word' id='word_1_80' title='bbox 299 1729 510 1827; x_wconf 74' lang='lat' dir='ltr'><strong>Disputatur</strong></span> <span class='ocrx_word' id='word_1_81' title='bbox 531 1728 680 1826; x_wconf 89' lang='lat' dir='ltr'><strong>quidem</strong></span> <span class='ocrx_word' id='word_1_82' title='bbox 702 1726 847 1801; x_wconf 80' lang='lat' dir='ltr'><strong>videtur</strong></span> <span class='ocrx_word' id='word_1_83' title='bbox 872 1727 982 1824; x_wconf 85' lang='lat' dir='ltr'><strong>magis</strong></span> <span class='ocrx_word' id='word_1_84' title='bbox 1006 1750 1116 1825; x_wconf 91' lang='lat' dir='ltr'><strong>quam</strong></span> <span class='ocrx_word' id='word_1_85' title='bbox 1139 1726 1211 1805; x_wconf 77' lang='lat' dir='ltr'><strong>de-</strong></span> 
     </span>
     <span class='ocr_line' id='line_1_14' title="bbox 198 1837 1208 1937; baseline -0.004 -24"><span class='ocrx_word' id='word_1_86' title='bbox 198 1840 386 1913; x_wconf 85' lang='lat' dir='ltr'>clamator.</span> <span class='ocrx_word' id='word_1_87' title='bbox 405 1839 477 1912; x_wconf 87' lang='lat' dir='ltr'><strong>Sed</strong></span> <span class='ocrx_word' id='word_1_88' title='bbox 494 1855 689 1936; x_wconf 89' lang='lat' dir='ltr'><strong>utrumque</strong></span> <span class='ocrx_word' id='word_1_89' title='bbox 703 1862 798 1937; x_wconf 80' lang='lat' dir='ltr'><strong>saepe</strong></span> <span class='ocrx_word' id='word_1_90' title='bbox 814 1837 1071 1932; x_wconf 88' lang='lat' dir='ltr'><strong>conveniebat,</strong></span> <span class='ocrx_word' id='word_1_91' title='bbox 1097 1853 1136 1909; x_wconf 91' lang='lat' dir='ltr'><strong>ut</strong></span> <span class='ocrx_word' id='word_1_92' title='bbox 1151 1839 1208 1910; x_wconf 48' lang='lat' dir='ltr'><strong>vi*</strong></span> 
     </span>
     <span class='ocr_line' id='line_1_15' title="bbox 201 1946 1208 2048; baseline 0.002 -26"><span class='ocrx_word' id='word_1_93' title='bbox 201 1946 332 2022; x_wconf 88' lang='lat' dir='ltr'><strong>dimus.</strong></span> <span class='ocrx_word' id='word_1_94' title='bbox 355 1955 478 2039; x_wconf 90' lang='lat' dir='ltr'><strong>Quum</strong></span> <span class='ocrx_word' id='word_1_95' title='bbox 495 1974 582 2023; x_wconf 85' lang='lat' dir='ltr'><strong>vero</strong></span> <span class='ocrx_word' id='word_1_96' title='bbox 605 1974 682 2021; x_wconf 89' lang='lat' dir='ltr'><strong>non</strong></span> <span class='ocrx_word' id='word_1_97' title='bbox 705 1966 805 2022; x_wconf 88' lang='lat' dir='ltr'><strong>vacet</strong></span> <span class='ocrx_word' id='word_1_98' title='bbox 823 1951 859 2021; x_wconf 91' lang='lat' dir='ltr'><strong>in</strong></span> <span class='ocrx_word' id='word_1_99' title='bbox 880 1951 1027 2048; x_wconf 83' lang='lat' dir='ltr'><strong>singulis</strong></span> <span class='ocrx_word' id='word_1_100' title='bbox 1050 1952 1208 2044; x_wconf 89' lang='lat' dir='ltr'><strong>morari,</strong></span> 
     </span>
     <span class='ocr_line' id='line_1_16' title="bbox 202 2059 1210 2159; baseline 0.003 -29"><span class='ocrx_word' id='word_1_101' title='bbox 202 2059 374 2156; x_wconf 86' lang='lat' dir='ltr'><strong>eligamus</strong></span> <span class='ocrx_word' id='word_1_102' title='bbox 386 2062 492 2152; x_wconf 89' lang='lat' dir='ltr'><strong>duos,</strong></span> <span class='ocrx_word' id='word_1_103' title='bbox 503 2077 537 2133; x_wconf 88' lang='lat' dir='ltr'><strong>et</strong></span> <span class='ocrx_word' id='word_1_104' title='bbox 548 2060 870 2159; x_wconf 87' lang='lat' dir='ltr'><strong>praestantissimos,</strong></span> <span class='ocrx_word' id='word_1_105' title='bbox 883 2076 919 2134; x_wconf 90' lang='lat' dir='ltr'><strong>et</strong></span> <span class='ocrx_word' id='word_1_106' title='bbox 931 2062 1210 2155; x_wconf 87' lang='lat' dir='ltr'><strong>declamatoriis,</strong></span> 
     </span>
     <span class='ocr_line' id='line_1_17' title="bbox 201 2162 1245 2272; baseline 0.001 -28"><span class='ocrx_word' id='word_1_107' title='bbox 201 2176 320 2272; x_wconf 90' lang='lat' dir='ltr'><strong>utqui</strong></span> <span class='ocrx_word' id='word_1_108' title='bbox 339 2176 514 2268; x_wconf 85' lang='lat' dir='ltr'><strong>maxime,</strong></span> <span class='ocrx_word' id='word_1_109' title='bbox 538 2175 632 2249; x_wconf 87' lang='lat' dir='ltr'><strong>vitiis</strong></span> <span class='ocrx_word' id='word_1_110' title='bbox 648 2174 875 2270; x_wconf 86' lang='lat' dir='ltr'><strong>inquinatos,</strong></span> <span class='ocrx_word' id='word_1_111' title='bbox 894 2179 1081 2247; x_wconf 84' lang='lat' dir='ltr'><strong>Lucanum</strong></span> <span class='ocrx_word' id='word_1_112' title='bbox 1097 2190 1132 2247; x_wconf 94' lang='lat' dir='ltr'><strong>et</strong></span> <span class='ocrx_word' id='word_1_113' title='bbox 1145 2179 1210 2254; x_wconf 68' lang='lat' dir='ltr'><strong>tu·</strong></span> <span class='ocrx_word' id='word_1_114' title='bbox 1242 2162 1245 2168; x_wconf 37' lang='lat'>¹</span> 
     </span>
    </p>

    <p class='ocr_par' dir='ltr' id='par_1_3' title="bbox 123 2283 701 2389">
     <span class='ocr_line' id='line_1_18' title="bbox 123 2283 701 2389; baseline 0.005 -35"><span class='ocrx_word' id='word_1_115' title='bbox 123 2382 126 2389; x_wconf 22' lang='grc' dir='ltr'>Ι</span> <span class='ocrx_word' id='word_1_116' title='bbox 202 2283 380 2356; x_wconf 83' lang='lat' dir='ltr'><strong>venalem.</strong></span> <span class='ocrx_word' id='word_1_117' title='bbox 459 2304 461 2309; x_wconf 82' lang='lat'>·</span> <span class='ocrx_word' id='word_1_118' title='bbox 698 2307 701 2313; x_wconf 90' lang='lat'><em>·</em></span> 
     </span>
    </p>

    <p class='ocr_par' dir='ltr' id='par_1_4' title="bbox 199 2395 1211 3717">
     <span class='ocr_line' id='line_1_19' title="bbox 251 2395 1211 2492; baseline 0.024 -27"><span class='ocrx_word' id='word_1_119' title='bbox 251 2395 513 2469; x_wconf 84' lang='lat' dir='ltr'><strong>Declamavisse</strong></span> <span class='ocrx_word' id='word_1_120' title='bbox 533 2402 739 2492; x_wconf 90' lang='lat' dir='ltr'><strong>Lucanum,</strong></span> <span class='ocrx_word' id='word_1_121' title='bbox 767 2404 907 2479; x_wconf 89' lang='lat' dir='ltr'><strong>etiamsi</strong></span> <span class='ocrx_word' id='word_1_122' title='bbox 923 2424 1085 2484; x_wconf 89' lang='lat' dir='ltr'><strong>veterum</strong></span> <span class='ocrx_word' id='word_1_123' title='bbox 1108 2407 1211 2488; x_wconf 68' lang='lat' dir='ltr'><strong>testi·</strong></span> 
     </span>
     <span class='ocr_line' id='line_1_20' title="bbox 204 2508 1207 2620; baseline 0.027 -45"><span class='ocrx_word' id='word_1_124' title='bbox 204 2508 327 2578; x_wconf 89' lang='lat' dir='ltr'><strong>monia</strong></span> <span class='ocrx_word' id='word_1_125' title='bbox 343 2509 474 2603; x_wconf 87' lang='lat' dir='ltr'><strong>desint,</strong></span> <span class='ocrx_word' id='word_1_126' title='bbox 488 2513 547 2583; x_wconf 94' lang='lat' dir='ltr'><strong>cui</strong></span> <span class='ocrx_word' id='word_1_127' title='bbox 564 2537 638 2584; x_wconf 89' lang='lat' dir='ltr'><strong>non</strong></span> <span class='ocrx_word' id='word_1_128' title='bbox 651 2513 825 2612; x_wconf 73' lang='lat' dir='ltr'><strong>apparet?</strong></span> <span class='ocrx_word' id='word_1_129' title='bbox 843 2519 928 2616; x_wconf 88' lang='lat' dir='ltr'><strong>Ejus</strong></span> <span class='ocrx_word' id='word_1_130' title='bbox 940 2524 1036 2620; x_wconf 88' lang='lat' dir='ltr'><strong>apud</strong></span> <span class='ocrx_word' id='word_1_131' title='bbox 1054 2525 1207 2602; x_wconf 88' lang='lat' dir='ltr'><strong>domum</strong></span> 
     </span>
     <span class='ocr_line' id='line_1_21' title="bbox 202 2614 1205 2712; baseline 0.026 -25"><span class='ocrx_word' id='word_1_132' title='bbox 202 2614 301 2687; x_wconf 82' lang='lat' dir='ltr'><strong>velut</strong></span> <span class='ocrx_word' id='word_1_133' title='bbox 335 2618 557 2692; x_wconf 86' lang='lat' dir='ltr'><strong>haereditaria</strong></span> <span class='ocrx_word' id='word_1_134' title='bbox 587 2639 662 2694; x_wconf 88' lang='lat' dir='ltr'><strong>crat</strong></span> <span class='ocrx_word' id='word_1_135' title='bbox 692 2625 768 2697; x_wconf 91' lang='lat' dir='ltr'><strong>laus</strong></span> <span class='ocrx_word' id='word_1_136' title='bbox 802 2628 1092 2708; x_wconf 82' lang='lat' dir='ltr'><strong>declamatoria:</strong></span> <span class='ocrx_word' id='word_1_137' title='bbox 1128 2665 1205 2712; x_wconf 91' lang='lat' dir='ltr'><strong>non</strong></span> 
     </span>
     <span class='ocr_line' id='line_1_22' title="bbox 203 2726 1205 2843; baseline 0.024 -45"><span class='ocrx_word' id='word_1_138' title='bbox 203 2726 355 2801; x_wconf 78' lang='lat' dir='ltr'><strong>Annaeus</strong></span> <span class='ocrx_word' id='word_1_139' title='bbox 377 2730 517 2824; x_wconf 85' lang='lat' dir='ltr'><strong>luisset,</strong></span> <span class='ocrx_word' id='word_1_140' title='bbox 538 2734 567 2803; x_wconf 91' lang='lat' dir='ltr'><strong>si</strong></span> <span class='ocrx_word' id='word_1_141' title='bbox 590 2758 665 2804; x_wconf 93' lang='lat' dir='ltr'><strong>non</strong></span> <span class='ocrx_word' id='word_1_142' title='bbox 685 2733 930 2812; x_wconf 78' lang='lat' dir='ltr'><strong>declamasset.</strong></span> <span class='ocrx_word' id='word_1_143' title='bbox 951 2747 1074 2843; x_wconf 92' lang='lat' dir='ltr'><strong>Neque</strong></span> <span class='ocrx_word' id='word_1_144' title='bbox 1093 2747 1205 2823; x_wconf 90' lang='lat' dir='ltr'><strong>habe·</strong></span> 
     </span>
     <span class='ocr_line' id='line_1_23' title="bbox 199 2832 1205 2945; baseline 0.024 -35"><span class='ocrx_word' id='word_1_145' title='bbox 199 2832 264 2911; x_wconf 89' lang='lat' dir='ltr'><strong>bat</strong></span> <span class='ocrx_word' id='word_1_146' title='bbox 274 2841 385 2912; x_wconf 92' lang='lat' dir='ltr'><strong>modo</strong></span> <span class='ocrx_word' id='word_1_147' title='bbox 396 2866 503 2915; x_wconf 90' lang='lat' dir='ltr'><strong>avum</strong></span> <span class='ocrx_word' id='word_1_148' title='bbox 518 2845 567 2915; x_wconf 90' lang='grc' dir='ltr'><strong>Μ.</strong></span> <span class='ocrx_word' id='word_1_149' title='bbox 584 2847 756 2917; x_wconf 90' lang='lat' dir='ltr'><strong>Senecam</strong></span> <span class='ocrx_word' id='word_1_150' title='bbox 771 2847 966 2945; x_wconf 80' lang='lat' dir='ltr'><strong>rhetorem,</strong></span> <span class='ocrx_word' id='word_1_151' title='bbox 985 2860 1205 2934; x_wconf 88' lang='lat' dir='ltr'><strong>avunculum</strong></span> 
     </span>
     <span class='ocr_line' id='line_1_24' title="bbox 200 2948 1207 3062; baseline 0.025 -42"><span class='ocrx_word' id='word_1_152' title='bbox 200 2948 242 3021; x_wconf 87' lang='lat' dir='ltr'><strong>L.</strong></span> <span class='ocrx_word' id='word_1_153' title='bbox 259 2950 446 3046; x_wconf 91' lang='lat' dir='ltr'><strong>Senecam,</strong></span> <span class='ocrx_word' id='word_1_154' title='bbox 462 2952 526 3025; x_wconf 90' lang='lat' dir='ltr'><strong>sed</strong></span> <span class='ocrx_word' id='word_1_155' title='bbox 539 2969 575 3027; x_wconf 88' lang='lat' dir='ltr'><strong>et</strong></span> <span class='ocrx_word' id='word_1_156' title='bbox 587 2969 726 3053; x_wconf 90' lang='lat' dir='ltr'><strong>patrem</strong></span> <span class='ocrx_word' id='word_1_157' title='bbox 738 2960 787 3029; x_wconf 88' lang='lat' dir='ltr'><strong>M.</strong></span> <span class='ocrx_word' id='word_1_158' title='bbox 805 2964 976 3036; x_wconf 78' lang='lat' dir='ltr'><strong>Annaeum</strong></span> <span class='ocrx_word' id='word_1_159' title='bbox 989 2967 1131 3062; x_wconf 87' lang='lat' dir='ltr'><strong>Melam,</strong></span> <span class='ocrx_word' id='word_1_160' title='bbox 1147 2972 1207 3045; x_wconf 89' lang='lat' dir='ltr'><strong>cui</strong></span> 
     </span>
     <span class='ocr_line' id='line_1_25' title="bbox 201 3063 1206 3177; baseline 0.021 -46"><span class='ocrx_word' id='word_1_161' title='bbox 201 3084 277 3132; x_wconf 91' lang='lat' dir='ltr'><strong>non</strong></span> <span class='ocrx_word' id='word_1_162' title='bbox 290 3063 367 3134; x_wconf 91' lang='lat' dir='ltr'><strong>sine</strong></span> <span class='ocrx_word' id='word_1_163' title='bbox 380 3063 493 3136; x_wconf 81' lang='lat' dir='ltr'><strong>effuso</strong></span> <span class='ocrx_word' id='word_1_164' title='bbox 509 3064 639 3162; x_wconf 85' lang='lat' dir='ltr'><strong>gaudio</strong></span> <span class='ocrx_word' id='word_1_165' title='bbox 652 3082 799 3167; x_wconf 87' lang='lat' dir='ltr'><strong>propter</strong></span> <span class='ocrx_word' id='word_1_166' title='bbox 810 3068 1026 3168; x_wconf 84' lang='lat' dir='ltr'><strong>singularem</strong></span> <span class='ocrx_word' id='word_1_167' title='bbox 1037 3075 1206 3177; x_wconf 89' lang='lat' dir='ltr'><strong>eloquen-</strong></span> 
     </span>
     <span class='ocr_line' id='line_1_26' title="bbox 201 3168 1205 3287; baseline 0.023 -47"><span class='ocrx_word' id='word_1_168' title='bbox 201 3168 258 3241; x_wconf 84' lang='lat' dir='ltr'><strong>tiae</strong></span> <span class='ocrx_word' id='word_1_169' title='bbox 283 3170 626 3274; x_wconf 88' lang='lat' dir='ltr'><strong>declamationisque</strong></span> <span class='ocrx_word' id='word_1_170' title='bbox 660 3201 821 3251; x_wconf 89' lang='lat' dir='ltr'><strong>amorem</strong></span> <span class='ocrx_word' id='word_1_171' title='bbox 844 3197 945 3279; x_wconf 90' lang='lat' dir='ltr'><strong>pater</strong></span> <span class='ocrx_word' id='word_1_172' title='bbox 971 3210 1059 3259; x_wconf 91' lang='lat' dir='ltr'><strong>suus</strong></span> <span class='ocrx_word' id='word_1_173' title='bbox 1084 3205 1205 3287; x_wconf 83' lang='lat' dir='ltr'><strong>gratu·</strong></span> 
     </span>
     <span class='ocr_line' id='line_1_27' title="bbox 201 3277 1206 3381; baseline 0.021 -29"><span class='ocrx_word' id='word_1_174' title='bbox 201 3277 321 3375; x_wconf 80' lang='lat' dir='ltr'><strong>latur³,</strong></span> <span class='ocrx_word' id='word_1_175' title='bbox 353 3296 388 3353; x_wconf 94' lang='lat' dir='ltr'><strong>et</strong></span> <span class='ocrx_word' id='word_1_176' title='bbox 420 3298 571 3356; x_wconf 88' lang='lat' dir='ltr'><strong>matrem</strong></span> <span class='ocrx_word' id='word_1_177' title='bbox 597 3286 759 3381; x_wconf 78' lang='lat' dir='ltr'><strong>Aciliam,</strong></span> <span class='ocrx_word' id='word_1_178' title='bbox 780 3291 879 3363; x_wconf 80' lang='lat' dir='ltr'><strong>acilii</strong></span> <span class='ocrx_word' id='word_1_179' title='bbox 896 3298 1031 3369; x_wconf 91' lang='lat' dir='ltr'><strong>Lucani</strong></span> <span class='ocrx_word' id='word_1_180' title='bbox 1053 3300 1206 3373; x_wconf 86' lang='lat' dir='ltr'><strong>oratoris</strong></span> 
     </span>
     <span class='ocr_line' id='line_1_28' title="bbox 202 3391 1205 3503; baseline 0.019 -38"><span class='ocrx_word' id='word_1_181' title='bbox 202 3391 325 3466; x_wconf 87' lang='lat' dir='ltr'><strong>liliam.</strong></span> <span class='ocrx_word' id='word_1_182' title='bbox 338 3395 521 3469; x_wconf 88' lang='lat' dir='ltr'><strong>Educatus</strong></span> <span class='ocrx_word' id='word_1_183' title='bbox 537 3397 602 3469; x_wconf 84' lang='lat' dir='ltr'><strong>fuit</strong></span> <span class='ocrx_word' id='word_1_184' title='bbox 620 3402 761 3494; x_wconf 85' lang='lat' dir='ltr'><strong>Romae,</strong></span> <span class='ocrx_word' id='word_1_185' title='bbox 781 3426 849 3473; x_wconf 91' lang='lat' dir='ltr'><strong>nec</strong></span> <span class='ocrx_word' id='word_1_186' title='bbox 864 3408 1068 3503; x_wconf 90' lang='lat' dir='ltr'><strong>potuitnon</strong></span> <span class='ocrx_word' id='word_1_187' title='bbox 1080 3410 1205 3486; x_wconf 88' lang='lat' dir='ltr'><strong>audire</strong></span> 
     </span>
     <span class='ocr_line' id='line_1_29' title="bbox 200 3507 1206 3616; baseline 0.018 -40"><span class='ocrx_word' id='word_1_188' title='bbox 200 3510 455 3604; x_wconf 85' lang='lat' dir='ltr'><strong>grammaticos</strong></span> <span class='ocrx_word' id='word_1_189' title='bbox 471 3507 551 3581; x_wconf 91' lang='lat' dir='ltr'><strong>illos</strong></span> <span class='ocrx_word' id='word_1_190' title='bbox 571 3533 613 3581; x_wconf 91' lang='lat' dir='ltr'><strong>ac</strong></span> <span class='ocrx_word' id='word_1_191' title='bbox 638 3509 799 3584; x_wconf 85' lang='lat' dir='ltr'><strong>rhetores</strong></span> <span class='ocrx_word' id='word_1_192' title='bbox 811 3512 1026 3610; x_wconf 89' lang='lat' dir='ltr'><strong>quibuscum</strong></span> <span class='ocrx_word' id='word_1_193' title='bbox 1043 3532 1145 3616; x_wconf 90' lang='lat' dir='ltr'><strong>pater</strong></span> <span class='ocrx_word' id='word_1_194' title='bbox 1156 3523 1206 3594; x_wconf 84' lang='lat' dir='ltr'><strong>vi·</strong></span> 
     </span>
     <span class='ocr_line' id='line_1_30' title="bbox 202 3618 1205 3717; baseline 0.019 -30"><span class='ocrx_word' id='word_1_195' title='bbox 202 3630 276 3688; x_wconf 88' lang='lat' dir='ltr'><strong>tam</strong></span> <span class='ocrx_word' id='word_1_196' title='bbox 293 3618 432 3717; x_wconf 87' lang='lat' dir='ltr'><strong>agebat.</strong></span> <span class='ocrx_word' id='word_1_197' title='bbox 451 3623 552 3692; x_wconf 82' lang='lat' dir='ltr'><strong>Hanc</strong></span> <span class='ocrx_word' id='word_1_198' title='bbox 572 3619 682 3694; x_wconf 84' lang='lat' dir='ltr'><strong>veluti</strong></span> <span class='ocrx_word' id='word_1_199' title='bbox 699 3622 990 3700; x_wconf 85' lang='lat' dir='ltr'><strong>declamatoriam</strong></span> <span class='ocrx_word' id='word_1_200' title='bbox 1010 3630 1205 3707; x_wconf 76' lang='lat' dir='ltr'><strong>necessitu-</strong></span> 
     </span>
    </p>
   </div>
   <div class='ocr_carea' id='block_1_3' title="bbox 154 3893 511 3968">
    <p class='ocr_par' dir='ltr' id='par_1_5' title="bbox 154 3893 511 3968">
     <span class='ocr_line' id='line_1_31' title="bbox 154 3893 511 3968; baseline 0.017 -19"><span class='ocrx_word' id='word_1_201' title='bbox 154 3894 158 3899; x_wconf 92' lang='lat'>·</span> <span class='ocrx_word' id='word_1_202' title='bbox 241 3893 270 3949; x_wconf 85' lang='lat' dir='ltr'><strong>t.</strong></span> <span class='ocrx_word' id='word_1_203' title='bbox 293 3893 511 3968; x_wconf 58' lang='lat' dir='ltr'><strong>stanam.</strong></span> 
     </span>
    </p>
   </div>
   <div class='ocr_carea' id='block_1_4' title="bbox 240 3980 1026 4156">
    <p class='ocr_par' dir='ltr' id='par_1_6' title="bbox 240 3980 1026 4156">
     <span class='ocr_line' id='line_1_32' title="bbox 241 3980 1026 4066; baseline 0.024 -31"><span class='ocrx_word' id='word_1_204' title='bbox 241 3980 271 4037; x_wconf 78' lang='lat'><strong>2.</strong></span> <span class='ocrx_word' id='word_1_205' title='bbox 293 3985 339 4037; x_wconf 85' lang='lat' dir='ltr'><strong>De</strong></span> <span class='ocrx_word' id='word_1_206' title='bbox 356 3983 477 4040; x_wconf 82' lang='lat' dir='ltr'><strong>Oceano.</strong></span> <span class='ocrx_word' id='word_1_207' title='bbox 487 3984 529 4045; x_wconf 85' lang='lat' dir='ltr'><strong>cl.</strong></span> <span class='ocrx_word' id='word_1_208' title='bbox 544 3988 631 4047; x_wconf 86' lang='lat' dir='ltr'><strong>Herc.</strong></span> <span class='ocrx_word' id='word_1_209' title='bbox 648 4000 713 4064; x_wconf 72' lang='lat' dir='ltr'><strong>cet,</strong></span> <span class='ocrx_word' id='word_1_210' title='bbox 725 4008 755 4048; x_wconf 85' lang='lat' dir='ltr'><strong>v.</strong></span> <span class='ocrx_word' id='word_1_211' title='bbox 773 3993 845 4066; x_wconf 74' lang='lat' dir='ltr'><strong>lll,</strong></span> <span class='ocrx_word' id='word_1_212' title='bbox 860 3993 942 4050; x_wconf 86' lang='lat' dir='ltr'><strong>Med.</strong></span> <span class='ocrx_word' id='word_1_213' title='bbox 957 3994 1026 4054; x_wconf 76' lang='lat' dir='ltr'><strong>att.</strong></span> 
     </span>
     <span class='ocr_line' id='line_1_33' title="bbox 240 4066 1013 4156; baseline 0.025 -30"><span class='ocrx_word' id='word_1_214' title='bbox 240 4069 271 4127; x_wconf 81' lang='lat'><strong>3.</strong></span> <span class='ocrx_word' id='word_1_215' title='bbox 295 4066 435 4149; x_wconf 65' lang='lat' dir='ltr'><strong>anema,</strong></span> <span class='ocrx_word' id='word_1_216' title='bbox 448 4072 490 4150; x_wconf 89' lang='lat'><strong>11,</strong></span> <span class='ocrx_word' id='word_1_217' title='bbox 501 4070 585 4152; x_wconf 76' lang='lat' dir='ltr'><strong>pras.</strong></span> <span class='ocrx_word' id='word_1_218' title='bbox 602 4088 631 4136; x_wconf 88' lang='lat' dir='ltr'><strong>et</strong></span> <span class='ocrx_word' id='word_1_219' title='bbox 643 4095 719 4156; x_wconf 82' lang='lat' dir='ltr'><strong>pass.</strong></span> <span class='ocrx_word' id='word_1_220' title='bbox 1009 4104 1013 4110; x_wconf 79' lang='grc'><strong>’</strong></span> 
     </span>
    </p>
   </div>
   <div class='ocr_carea' id='block_1_5' title="bbox 0 0 1431 4980">
    <p class='ocr_par' dir='ltr' id='par_1_7' title="bbox 0 0 1431 4980">
     <span class='ocr_line' id='line_1_34' title="bbox 0 0 1431 4980; baseline 0 0"><span class='ocrx_word' id='word_1_221' title='bbox 0 0 1431 4980; x_wconf 95' lang='lat' dir='ltr'><strong> </strong></span> 
     </span>
    </p>
   </div>
  </div>
 </body>
</html>
