2804 4980
555 369 750 443 -2-61...

152 510 506 622 rat3'hujus-'generis
526 519 790 619 eloquentiam,
814 533 979 617 utquam
999 523 1152 597 manime

152 637 287 734 respuit
304 648 340 707 et
357 648 568 733 aspernatur
586 660 595 704 ε
615 631 840 721 hanc,'velut
857 657 879 704 a
894 634 1084 731 suaipsius
1102 633 1151 708 la·

152 745 282 828 cundia
305 742 725 845 prorsusabhorreutern
737 756 758 833 ,'
778 742 953 840 praecipue
972 742 1149 817 damnatt.

141 844 292 954 ltaque,
313 871 503 954 postquam
521 855 672 928 absolvit
686 879 792 925 suum
814 858 1016 943 Oratorem,
1030 859 1153 954 inquo

150 958 321 1041 numeros
337 968 606 1047 oratoriostam
617 966 692 1037 suse
706 976 911 1063 persecutns
925 973 991 1055 est,
1011 992 1074 1039 eos
1088 993 1154 1065 po.-

148 1078 325 1155 tissimum
343 1078 500 1169 lacessit,
520 1078 583 1175 qui
604 1075 803 1148 dissolvunt
817 1077 1036 1167 orationem,
1055 1077 1154 1152 haud

137 1192 251 1267 'secus
265 1213 307 1259 ac
323 1191 350 1260 si
370 1190 450 1285 quis
464 1188 676 1261 seceritcum
691 1185 823 1258 Phidiae
834 1187 961 1285 clypeo
975 1176 1155 1263 emblema

149 1296 336 1391 quoddam
358 1297 652 1387 vermiculatum
671 1309 734 1369 eos
750 1294 858 1369 etiam
873 1298 1032 1368 insanius
1049 1306 1153 1394 agere

150 1406 344 1498 existimat,
363 1409 422 1479 cui
440 1408 621 1497 videntur,
638 1424 678 1478 nt
693 1408 732 1477 in
744 1406 932 1505 proverbio
947 1425 1013 1498 est,
1028 1434 1154 1506 scopus·

153 1515 376 1589 dersolvere&
940 1542 943 1547 ⁴
1156 1538 1157 1541 ’

91 1685 92 1688 ι
197 1631 345 1701 Constat
377 1645 495 1700 tamen
528 1631 712 1729 propriam
744 1628 910 1701 Tullianae
941 1628 1153 1728 eloquentiae

139 1737 320 1828 formam,
351 1755 387 1811 et
414 1765 523 1837 quem
544 1742 619 1840 ipse
647 1740 734 1813 dicit
760 1740 983 1832 charactera,
1013 1742 1154 1815 in.,hoc

147 1849 297 1939 versari,
313 1851 413 1946 quod
432 1852 541 1923 utitur
558 1851 842 1948 frequentissime
860 1851 932 1922 hoc
957 1852 1153 1924 verborum

147 1960 300 2050 ambitu,
323 1962 397 2032 sive
420 1962 530 2032 mavis
548 1962 620 2033 dici
637 1965 842 2053 circuitum,
860 1963 1149 2049 circumductum,

100 2117 103 2121 .
148 2072 513 2169 comprehensionem,
528 2076 903 2168 circumscriptionem,
922 2078 1153 2161 eontinnun'o·

147 2207 244 2273 nem,
280 2185 533 2255 conclusionem
552 2187 575 2255 ⁸.
601 2187 749 2276 Constat
775 2208 921 2309 quoque
953 2184 1046 2255 hanc
1061 2169 1152 2258 lau·

38 2380 41 2384 ,
148 2292 231 2365 dem
236 2314 376 2391 quase
382 2294 539 2390 jactabat
553 2294 761 2385 libentius,
752 2294 862 2391 rpsiuc
871 2295 980 2367 aetatis
990 2295 1153 2367 hommr

147 2402 216 2478 bus
245 2431 319 2477 non
348 2405 634 2531 irreprehensam
667 2406 872 2496 excessisse,
900 2421 935 2477 et
961 2421 1054 2504 post
1068 2397 1173 2527 hipp}

147 2516 246 2614 apud
272 2517 487 2587 Romanos
478 2541 514 2585 m
539 2516 685 2614 ancipiti
705 2516 853 2587 stetisse.
880 2513 1019 2586 Scilicet
1039 2520 1152 2611 quum

144 2628 218 2720 jam
234 2641 394 2697 maturus
408 2640 499 2697 esset
515 2627 617 2698 annis
631 2642 666 2698 et
677 2627 839 2723 ingenio,
850 2642 952 2698 mota
964 2641 1016 2697 est
1033 2631 1152 2698 Romae

189 2832 219 2887 l.
242 2834 277 2889 In
298 2839 366 2886 nota
380 2826 416 2884 ad
433 2830 514 2885 Orat.
532 2829 582 2899 ll,
603 2826 737 2883 hortatur
754 2824 891 2883 lectorem
912 2844 941 2882 v.
961 2792 1157 2891 013313ς
1228 2874 1242 2897 ,

150 2917 232 2976 Clerc
255 2930 286 2975 ut
308 2916 368 2974 illic
391 2915 604 2975 animadvertat
627 2941 640 2967 ιι
666 2914 693 2972 le
707 2913 814 2993 mepris
831 2911 955 2992 prolond
975 2914 1010 2971 de
1031 2915 1151 2973 Ciceron

152 3028 258 3087 «pour
281 3027 328 3066 ces
352 3005 495 3064 ecrivains
522 3004 592 3062 dont
615 3005 657 3063 les
684 3004 787 3083 petites
806 3002 926 3082 phrases
949 3003 1049 3060 seches
1070 3007 1152 3062 n'ont

153 3122 167 3150 ι
184 3111 266 3158 entre
280 3098 351 3156 elles
367 3115 480 3156 aucune
493 3094 606 3154 liaison.
627 3121 640 3147 u
656 3095 737 3154 Idem
758 3092 893 3167 subjicit:
915 3116 927 3143 ι
943 3092 967 3150 ll
982 3112 1028 3149 me
1042 3093 1151 3155 semble

154 3212 167 3239 «
183 3193 272 3264 qu’on
286 3206 323 3245 ne
337 3187 468 3265 pourrait
486 3206 517 3244 se
532 3187 604 3245 faire
618 3207 675 3246 une
697 3187 762 3245 idee
777 3184 843 3264 plus
861 3183 938 3256 juste
956 3182 996 3241 du
1019 3183 1092 3260 style
1114 3183 1151 3243 de

150 3303 166 3330 ιι
184 3279 328 3354 seneque,
344 3288 372 3335 et
383 3276 410 3335 le
420 3290 664 3335 commencement
676 3276 763 3335 d'une
773 3277 855 3335 lettre
865 3277 881 3332 a
891 3274 1001 3331 Atticus
1014 3277 1094 3347 (XII,
1108 3278 1149 3350 6),

153 3394 166 3421 ι
183 3382 241 3446 que
255 3367 375 3426 Ciceron
397 3359 493 3424 donne
513 3387 549 3424 en
569 3367 743 3450 plaisantant
762 3385 874 3423 comme
896 3383 936 3420 un
958 3363 1090 3439 exemple
1112 3363 1152 3422 du

141 3483 167 3514 ,ιι
184 3456 277 3533 style
274 3455 300 3513 d'
305 3454 456 3534 Hegesias,
478 3454 635 3513 ressemhle
649 3455 705 3512 sort
714 3457 736 3512 a
757 3453 880 3512 certaius
894 3470 1050 3509 morceaux
1066 3451 1151 3509 ecrits

153 3565 237 3623 «par
251 3545 278 3602 le
291 3543 463 3623 philosophe
480 3543 518 3601 ile
531 3545 559 3602 la
572 3565 643 3603 cour
660 3544 697 3602 de
711 3544 850 3601 Neron.»
866 3572 907 3582 -
924 3537 1061 3616 Hegesias
1075 3558 1151 3603 unus

151 3653 251 3694 eorum
269 3648 341 3705 erat,
359 3634 396 3693 de
412 3634 517 3712 quihus
533 3634 608 3693 inlra
623 3634 734 3733 dicetur
735 3633 811 3710 ,qui
826 3631 915 3710 Attici
929 3626 1065 3687 volebant
1080 3612 1147 3688 dici.

150 3729 258 3799 (Brun,
276 3727 339 3800 83.)

192 3817 221 3872 2.
247 3816 343 3885 Orat„
360 3817 408 3872 71.

193 3906 222 3961 3.
245 3858 364 3975 Quintil.
383 3905 427 3962 IX
429 3925 491 3978 ,1v,
507 3922 584 3982 pass.
600 3903 655 3961 Hic
672 3858 791 3961 disserit
799 3904 845 3958 de
842 3854 1045 3973 compositione
1057 3897 1150 3956 verbo·

152 4013 226 4066 ram,
248 4004 277 4050 et
293 4011 387 4049 vanas
400 3994 653 4072 grammaticorum
668 3994 704 4052 de
718 4013 792 4052 eare
805 3987 960 4057 sententias
970 4006 1056 4070 aequa
1069 3989 1150 4047 lance

152 4081 296 4140 examinat
308 4104 314 4138 :
331 4081 393 4159 ipse
404 4087 513 4141 accedit
523 4088 703 4161 inpleratque
713 4083 848 4144 Ciceroni.
903 4126 905 4131 -
