2804 4980
595 360 796 440 ...RQ-...1

192 496 406 620 plerumque
421 515 519 588 aliud
541 517 712 613 agebant3
728 531 768 589 at
786 518 815 590 ai
839 518 932 591 torte
946 517 1103 617 aliquam
1118 534 1195 588 sert·

195 629 347 703 nnciam·
366 627 455 700 belle
470 644 658 700 sonantem
687 624 902 719 audiissent,
927 644 989 701 aut
1013 629 1196 706 verborum

192 742 282 815 balle
297 741 500 814 cadentium
515 741 800 837 compositionem
813 743 836 832 ¹,
853 756 931 812 tum
957 742 994 812 iu
1021 739 1199 813 clamores·

193 869 231 927 et
248 852 397 953 plausus·
414 852 666 950 or‘umpebaot.
686 850 784 939 Qum
798 851 973 924 clamores
992 872 1034 924 ac
1051 851 1195 950 plausus

192 963 299 1036 baud
322 964 503 1034 immerito
520 963 697 1060 vituperat
721 961 867 1054 Fabius,
898 961 1195 1034 consuetudinem

192 1093 326 1173 nempe
344 1102 362 1140 a
377 1073 590 1146 indecoram
603 1087 640 1144 et
655 1072 886 1163 theatralem,
904 1087 981 1144 tum
994 1071 1197 1143 studiorum

192 1186 533 1285 perniciosissimam
556 1179 724 1276 hostem,
746 1213 765 1252 n
789 1185 966 1281 docetque
987 1197 1070 1272 nos,
1097 1181 1196 1253 bunc

192 1314 300 1369 usum
318 1326 336 1364 a
352 1298 506 1368 invicem
519 1294 794 1395 qualiacumque
810 1289 981 1369 laudandi
998 1322 1034 1387 u,
1054 1292 1196 1389 egre-gio

192 1406 426 1478 dunmnitutir
460 1405 630 1496 obtentu,
665 1405 762 1478 velut
804 1406 840 1476 iu
875 1404 990 1502 legem
1025 1402 1154 1475 abiisse
1168 1407 1194 1474 ¹.

193 1514 416 1588 Theatralem
450 1516 545 1588 banc
582 1515 670 1587 dixit
700 1515 1017 1605 consuetudinem
1053 1536 1129 1585 nou
1159 1511 1197 1584 id

193 1649 309 1698 unum
334 1643 408 1699 erat
431 1626 469 1698 in
494 1627 814 1700 declamationibus
831 1626 1003 1699 theatrale
1025 1653 1033 1697 τ
1053 1650 1138 1697 nam
1166 1625 1198 1697 si

194 1735 274 1833 quis
290 1751 352 1807 aut
368 1759 441 1809 uua
458 1750 520 1807 aut
536 1734 645 1808 altera
669 1736 895 1808 declamandi
919 1751 1023 1834 parte
1048 1733 1114 1805 sibi
1134 1755 1197 1803 no·

194 1871 278 1918 men
297 1847 452 1936 fecisset,
472 1848 547 1919 haec
564 1844 775 1919 audiebatur
793 1872 814 1918 a
830 1847 967 1945 populo
987 1847 1194 1942 frequente,

194 1970 276 2053 post
291 1955 371 2050 fuga
384 1956 518 2028 fiebat⁸
538 1981 546 2027 ε
566 1980 655 2026 uum
672 1955 773 2027 aliter
789 1956 844 2054 agi
862 1966 1002 2054 poterut
1024 1977 1109 2026 cum
1132 1975 1196 2024 co·

194 2063 347 2136 moedis?
378 2065 448 2136 Sed
477 2065 554 2136 haec
585 2066 812 2156 omittamus,
835 2054 1016 2164 quae'nou
1050 2062 1198 2163 propria

195 2191 280 2246 sunt
310 2174 648 2269 declamationibus,
687 2192 723 2249 et
751 2201 829 2274 quae
860 2178 897 2248 iu
928 2171 1198 2248 recitationibus

194 2310 343 2384 quoque
369 2287 522 2384 publicis
550 2289 751 2360 carminum
781 2289 958 2388 reperias,
987 2286 1081 2358 bene
1109 2296 1199 2356 nota

194 2397 293 2469 vitia.

245 2510 313 2579 llos
334 2509 515 2578 immensae
531 2531 668 2604 operae,
688 2507 843 2578 sednon
867 2508 916 2579 ita
931 2506 1079 2604 quidem
1102 2507 1202 2581 utilia

195 2616 305 2709 soret,
325 2617 354 2687 si
371 2641 516 2709 eorum,
544 2631 725 2714 quotquot
750 2640 770 2688 a
795 2616 843 2688 Μ.
864 2621 998 2689 Seneca
1021 2618 1198 2689 nominati

195 2742 279 2798 sunt
308 2725 586 2820 declamatores,
615 2727 766 2824 effigiem
788 2728 959 2800 vellemus
982 2728 1193 2827 exprimere.

196 2840 286 2909 Nam
315 2838 495 2909 innumeri
525 2849 629 2929 sunl,
656 2854 692 2910 et
716 2838 892 2936 quidquid
916 2839 962 2910 de
987 2837 1043 2909 his
1060 2839 1197 2910 dictum

195 2946 242 3019 ad
268 2972 335 3018 nos
353 2949 537 3045 pervenit,
562 2949 638 3044 jam
659 2948 850 3020 collectum
880 2963 933 3022 est
949 2974 968 3019 e
985 2950 1197 3022 testimoniis

195 3058 244 3129 M.
265 3061 422 3150 Senecae,
453 3059 630 3149 Suetonii,
650 3059 875 3147 Quintiliani,
904 3060 1012 3130 Taciti
1028 3062 1050 3130 ⁴.
1080 3061 1197 3133 Satius

195 3167 303 3238 uobis
319 3169 406 3258 erit,
426 3183 461 3238 et
478 3167 664 3267 proposito
692 3182 818 3238 nostro
850 3166 1142 3263 convenientius,
1166 3171 1198 3242 si

237 3429 267 3491 l.
285 3430 485 3505 Contrua.‚·lib.
497 3430 578 3512 vulg.
592 3435 708 3506 111,19.

238 3522 268 3583 2.
283 3526 355 3579 Inst.
369 3533 456 3595 orac,
471 3526 511 3595 ΙΙ,
523 3538 558 3595 u,
574 3525 623 3582 10.

238 3613 267 3670 ³.
282 3614 356 3670 Ecc.
370 3615 508 3686 Contrua,
517 3614 571 3683 ΙΙΙ,
582 3610 665 3688 pras.

237 3704 268 3759 4.
289 3698 332 3758 (ll.
352 3700 481 3760 libellum
503 3702 594 3760 Andr.
613 3700 722 3762 schotti
735 3705 781 3758 Dc
793 3703 878 3759 claris
891 3703 972 3777 apud
984 3702 1115 3760 Senecam
1128 3700 1196 3759 rde-

197 3788 313 3862 torlbus,
323 3790 443 3851 altinum
453 3791 613 3850 editioniL.
621 3802 651 3850 et
659 3795 698 3850 ll.
710 3793 835 3861 Senecae,
847 3810 912 3848 cum
922 3800 1075 3849 comment.
1084 3793 1191 3864 (Latet.

197 3887 230 3939 r·
241 3878 346 3942 Febrv.
374 3883 474 3957 1627).
489 3912 529 3929 ο-
542 3879 715 3960 Adi'potius
734 3884 767 3940 Ε.
791 3884 901 3961 lagga,
916 3880 966 3958 qui
986 3880 1196 3939 rhetoricarum

196 3989 296 4030 earum
309 3969 465 4050 imaginum
480 3971 618 4050 quasdam
629 3970 757 4030 breviter
775 3990 856 4050 aeque
869 3988 903 4029 ac
916 3969 1015 4030 viride
1027 3966 1195 4043 delineavit,

196 4060 267 4122 dum
280 4059 394 4119 disserit
406 4060 443 4121 de
457 4066 495 4121 ll.
510 4067 619 4123 Seneca
632 4065 749 4138 (deam.
760 4062 810 4118 des
823 4063 890 4122 lrtst.
904 4063 1025 4141 d'Aug.,
1039 4060 1124 4141 chap.
1138 4063 1193 4135 π).
