2804 4980
557 367 755 443 ...73-

154 521 318 592 consulto
344 516 503 610 dicebat,
519 516 577 591 vel
598 517 708 591 verba
727 516 887 616 quaedam
910 523 1059 620 antiqua
1085 540 1120 595 et
1134 550 1176 595 a·

157 632 323 700 Cicerone
330 627 454 699 dicta¹.
468 627 577 714 Quod
590 628 729 723 sissculto
740 653 866 700 eorum
879 634 1036 704 sermoni
1051 633 1158 706 obes·

155 754 207 810 set
222 740 343 836 inopia
358 741 694 832 sermonntannu,
710 739 809 811 haud
828 741 1042 816 omittebant
1061 746 1159 844 peri·

154 848 318 921 culusum
335 847 451 920 Flacci
468 848 659 920 consilium
676 849 794 943 sequi,
813 863 849 921 et

220 990 386 1078 Signatum
400 1005 554 1077 praesente
570 1005 648 1053 nota
662 989 841 1078 procudere
857 1015 976 1057 nomen
986 990 1016 1075 ¹3

155 1119 314 1218 alioquin
337 1118 529 1218 captabant
542 1120 666 1213 verba,
686 1136 721 1192 et
736 1137 863 1194 eontra
876 1141 1042 1197 naturam
1056 1151 1160 1200 suam

154 1231 340 1329 ponebant
352 1244 387 1300 et
397 1227 621 1300 invertebant
629 1230 652 1299 ⁴.
664 1230 875 1301 Undehaud
885 1232 960 1303 scio
973 1258 1033 1324 an,
1046 1260 1160 1330 quum

154 1341 302 1412 Messala
315 1339 449 1411 diceret
462 1343 500 1409 P.
517 1342 708 1409 Latronem
726 1338 898 1413 disertum
916 1366 992 1414 csse
1010 1369 1077 1413 sua
1094 1343 1161 1413 lin-

152 1453 255 1549 guar',
269 1449 398 1521 dixisse
414 1448 579 1541 voluerit,
595 1473 666 1546 qua
676 1448 796 1546 lingua
813 1452 864 1522 uti
878 1434 1174 1527 deceretscholae¹

154 1559 253 1631 hunc
267 1560 489 1654 magistrum,
508 1558 545 1630 id
564 1574 616 1631 est
631 1559 854 1663 scholastica.
1171 1568 1175 1575 '

204 1670 400 1741 Plurimum
413 1684 531 1741 autem
549 1694 666 1768 operae
682 1670 941 1767 impendebant
959 1688 999 1744 ut
1015 1673 1175 1744 brevem·

158 1795 192 1855 et
203 1784 353 1853 recisam
364 1794 570 1880 praestarent
581 1781 795 1873 oraticnem,
809 1797 844 1852 et
856 1783 1066 1865 strictissimi
1079 1807 1162 1869 sene

156 1917 217 1962 sus
241 1891 448 1963 latissimam
471 1888 767 1987 significationem
788 1891 921 1963 babere
937 1888 1175 1966 viderentur(

157 2002 193 2072 si
207 2001 252 2073 de
263 2003 420 2098 quadam
432 2004 607 2074 sententia
619 2001 837 2098 Thucydidis
847 2002 1043 2075 aSallustio
1054 2002 1164 2077 latine

158 2107 326 2182 translata
342 2123 378 2179 et
400 2110 508 2180 etiam
530 2124 611 2206 post
625 2110 871 2204 Thucydidem
889 2111 978 2181 sacta
995 2111 1163 2185 breviore

160 2219 299 2290 mentio
318 2220 511 2312 incidisset,
532 2219 711 2315 extemplo
736 2218 956 2316 plaudebant
983 2244 1109 2294 omnes
1127 2239 1165 2296 et

161 2329 403 2424 mirabantur,
423 2330 501 2402 solo
529 2330 744 2402 reclamante
770 2332 847 2400 Tito
862 2332 977 2421 Livio,
997 2332 1061 2403 sed
1086 2356 1163 2403 non

163 2443 239 2524 sine
258 2442 400 2514 invidiae
416 2442 648 2541 suspiciorre⁰.
670 2445 764 2512 Bene
780 2456 867 2531 erat,
883 2443 912 2512 si
930 2441 1056 2513 eadem
1072 2465 1163 2540 pau·

162 2550 319 2624 cioribus
342 2551 474 2646 verbis,
495 2552 594 2624 salvo
620 2576 745 2645 sensu,
773 2553 973 2649 potuissent
990 2552 1075 2625 dici.
1093 2551 1166 2625 Sed

163 2663 302 2756 quoties
335 2659 528 2732 excedebat
554 2684 678 2730 sensus
702 2660 929 2731 brevissimas
960 2662 1045 2731 istas
1082 2686 1164 2731 seu·

163 2770 324 2843 tentias⁷1
346 2776 433 2858 Quae
449 2794 563 2865 quum
581 2769 666 2840 inde
689 2783 751 2840 aut
769 2768 930 2840 obscurae
953 2768 1080 2841 fierent
1102 2766 1173 2865 aut:

203 2927 232 2981 l.
248 2927 478 2996 Execonnvn„
493 2924 547 2995 111,
558 2921 644 2998 praef.
658 2954 699 2965 -·
712 2925 787 2979 Exc.
805 2925 945 2995 Contrua,
959 2926 1010 2995 lv,
1023 2919 1107 2997 pras.
1122 2953 1164 2967 -·

160 3017 335 3074 vetustatem
343 3033 460 3093 quoque
468 3012 499 3072 in
508 3011 695 3072 Ciceroniana
703 3009 804 3090 lingua
813 3011 1034 3090 reprehenditL
1042 3017 1175 3093 Seneca,¹

162 3121 209 3180 ap.
225 3106 262 3160 Α.
277 3103 492 3176 Gell.,x11‚a.
1122 3110 1132 3129 ⁸

203 3195 232 3248 2.
249 3195 329 3249 Eae.v
341 3197 480 3262 Contrua,
495 3194 551 3263 111,
562 3187 648 3266 praes.

204 3283 233 3338 3.
251 3307 265 3334 α
281 3280 367 3355 Quod
380 3299 458 3339 nuuc
470 3280 744 3359 vulgoant'arinm
759 3277 874 3347 dicitur,
885 3277 966 3353 olim,
978 3301 1061 3355 quum
1075 3284 1172 3337 latine·

165 3372 349 3447 loqueremnn
365 3366 736 3428 samartanum-vocabatur.
753 3391 767 3419 n
792 3372 893 3426 Senec.
917 3370 1031 3442 Epist„
1058 3370 1108 3426 39.
1122 3399 1165 3413 -

163 3459 206 3520 Cl.
224 3458 392 3533 Funccium‚
410 3463 453 3516 De
467 3460 629 3516 imminente
645 3462 712 3516 Lat.
729 3458 796 3533 ling.
812 3468 964 3526 senectute,
989 3477 1015 3514 3.
1031 3476 1063 3513 xr
1090 3478 1098 3513 t
1119 3459 1165 3514 De

163 3554 273 3607 Senesc.
289 3555 356 3608 Lat.
373 3550 440 3626 ling.
456 3549 616 3605 idiotismu.

204 3643 234 3698 l.
248 3643 349 3702 Senec.
360 3642 468 3716 Epist,
484 3639 554 3711 1⁰0,
569 3637 599 3700 l.

206 3732 234 3788 5.
252 3734 293 3787 Μ.
310 3732 410 3790 Senec.
424 3731 563 3802 Contrua,
578 3730 617 3800 11,
630 3729 679 3784 tt.

184 3886 186 3892 ,
206 3823 236 3880 6.
255 3823 393 3893 contm„
408 3817 460 3877 lib.
477 3821 573 3896 vulg„
588 3819 639 3886 lv,
653 3817 703 3873 21.

206 3915 236 3970 t.
260 3913 361 3970 senec.
373 3910 460 3970 nhet.
479 3911 617 3980 Contrua,
635 3909 662 3978 1,
691 3909 705 3963 l
726 3927 733 3962 ι
751 3931 765 3958 n
785 3902 901 3963 Diocles
916 3898 1061 3980 Carystius
1083 3901 1166 3960 illu'm

167 4019 282 4059 sensum
298 4021 315 4060 a
328 4000 436 4059 Latinis
446 3998 584 4074 jactatum
598 3997 671 4056 dixit
684 3994 866 4066 brevissime,
878 3992 1024 4051 rarissimo
1047 4008 1176 4071 generes

167 4089 393 4168 quodsententia
399 4087 496 4150 verbis
502 4089 758 4150 consumatur.Nec
766 4076 1164 4163 enimprucioribuspotest'.»
