2804 4980
591 377 787 447 ..24-

110 544 122 564 ⁸
244 531 396 616 Earum,
426 552 514 624 quas
539 524 851 615 declamaverunt,
878 531 1121 599 suasoriarum
1145 552 1188 601 ae

194 642 508 712 controversiarum
535 638 617 709 satis
642 637 754 708 multa
782 654 970 734 supersunt
995 642 1189 738 specimina

194 755 229 824 in
246 753 359 844 libre,
380 753 442 847 qui
458 755 506 822 M.
527 750 651 821 Annaei
668 752 811 820 Senecae
826 750 978 822 rhetoris
999 753 1189 851 inscriptus

193 882 257 938 est.
282 868 348 937 Hic
369 865 459 935 liber
479 863 539 934 dat
559 863 776 934 documenta
796 861 842 934 de
860 865 1027 935 omnihus
1046 867 1108 962 qui
1126 891 1191 962 per

193 1004 342 1053 aureum
367 978 461 1049 istud
482 975 750 1049 declamationis
769 1000 903 1066 aevum,
923 977 968 1049 ab
982 979 1089 1049 initiis
1105 978 1191 1050 inde

194 1093 338 1188 Augusti
357 1092 402 1164 ad
418 1091 659 1189 principatum
676 1089 806 1159 Tiberii
824 1091 1036 1182 ineuntem¹,
1055 1116 1190 1162 nornen

193 1206 339 1302 aliquod
377 1203 613 1276 declamando
659 1202 906 1274 obtinuerunt.
949 1209 996 1276 M.
1030 1208 1188 1294 Seneca,

193 1320 291 1390 Lucii
319 1322 462 1390 Senecae
492 1317 699 1415 philosophi
728 1332 853 1414 pater,
887 1332 1079 1415 postquam
1108 1343 1192 1388 eum

194 1431 326 1503 diutius
356 1429 553 1522 Cordubae,
585 1461 602 1496 «
629 1431 721 1501 intra
747 1428 928 1501 coloniam
951 1455 1053 1502 suam
1077 1431 1191 1501 conti·

195 1546 329 1616 nuisset
350 1544 527 1616 bellorum
551 1544 707 1616 civilium
733 1543 853 1633 furor,
882 1544 944 1640 qui
965 1559 1050 1614 tunc
1076 1557 1193 1613 totum

194 1657 321 1729 orbem
337 1656 623 1756 pervagabatur',
645 1685 663 1724 u
682 1672 809 1753 pacato
823 1657 969 1728 tandem
985 1671 1067 1753 post
1080 1657 1194 1728 Actia·

194 1795 272 1841 cam
290 1794 448 1868 pugnam
468 1771 638 1867 imperi0,
666 1773 818 1841 Romam
843 1770 987 1841 devenit
1007 1795 1091 1841 cum
1111 1795 1193 1840 mu·

194 1883 309 1980 nicipe
327 1907 392 1953 suo
410 1907 451 1954 ac
467 1882 589 1954 sodale
605 1882 730 1954 Porcio
745 1887 919 1972 Latrone,
940 1881 1059 1979 ibique
1076 1884 1194 1954 rheto-

194 1996 302 2066 ricam
332 2011 444 2066 artem
470 2019 512 2066 ac
537 1993 829 2067 declamatoriam
857 1995 990 2066 docuit.
1022 2000 1072 2066 Ex
1102 1995 1194 2067 illius

195 2106 532 2197 declamationibus,
561 2133 650 2204 quas
666 2107 764 2180 haud
785 2110 861 2178 sine
883 2109 1003 2179 lavore
1028 2109 1194 2181 recorda·

194 2235 252 2290 tur
265 2221 540 2311 Quintilianus³,
560 2220 649 2290 nihil
663 2220 709 2291 ad
722 2245 790 2290 nos
803 2223 983 2316 pervenit,
1002 2222 1065 2292 sed
1079 2247 1193 2319 quum

191 2332 265 2428 jam
282 2333 401 2404 senior
422 2345 533 2421 esset,
558 2356 578 2403 a
599 2331 679 2404 liliis
703 2333 794 2422 suis,
826 2337 873 2406 M.
894 2337 1053 2422 Novato,
1082 2338 1121 2405 L.
1148 2340 1189 2406 Α.

193 2446 345 2535 Seneca,
376 2449 415 2517 L.
444 2449 485 2515 Α.
512 2444 602 2516 Mela
634 2460 778 2541 rogatus
806 2461 875 2535 est,
908 2461 948 2517 ut
979 2448 1193 2519 memoriam

194 2584 314 2649 suam,
336 2560 436 2656 cujus
454 2558 671 2630 incredibilis
689 2574 765 2631 erat
783 2574 818 2630 et
836 2559 1009 2632 miraculo
1027 2563 1192 2658 proxima

195 2670 372 2760 felicitus⁸,
397 2687 613 2743 scrutaretur
635 2673 853 2760 accuratius,
884 2689 920 2744 et
944 2675 1121 2771 quidquid
1148 2676 1193 2747 ab

196 2779 428 2876 inclytissimo
450 2806 594 2879 quoque
614 2783 854 2856 declamatore
878 2801 980 2857 acute
1005 2787 1192 2858 inventum

196 2907 254 2964 aut
268 2894 403 2965 dictum
418 2894 649 2984 meminisset,
663 2896 884 2991 recolligeret
893 2921 935 2968 ac
942 2899 1188 2996 perscriberet.

198 3008 259 3077 Vix
278 3007 346 3077 dici
364 3020 481 3104 potest
497 3022 632 3104 quanto
649 3008 779 3105 gaudio
798 3025 898 3081 vetus
920 3010 1042 3082 rhetor
1055 3013 1092 3083 in
1104 3014 1196 3083 anti·

195 3144 265 3216 qua
288 3118 404 3191 studia
429 3120 593 3213 redierit,
617 3137 750 3218 quanta
773 3121 955 3220 diligentia
980 3127 1198 3198 memoriam

194 3232 293 3330 largo
326 3235 620 3306 sententiolarum*
647 3251 825 3333 proventu
856 3238 1039 3333 gravidam
1069 3265 1200 3312 exous·-

195 3349 300 3420 serit:
316 3348 449 3446 quippe
466 3349 528 3444 qui
545 3363 580 3419 et
596 3347 753 3421 filiorum
770 3351 970 3447 profectum
988 3353 1199 3450 respiceret,

236 3546 265 3600 t.
281 3541 392 3601 Omittit
402 3541 477 3601 enirn
501 3561 551 3600 eos
572 3542 622 3620 qui
646 3543 744 3602 afiliis
765 3544 836 3616 suis,
855 3564 980 3622 quorum
997 3572 1010 3598 «ι
1039 3544 1069 3603 in
1087 3543 1201 3606 riberii

195 3631 313 3689 Caesaris
325 3632 487 3710 principatu
499 3630 625 3704 juventae
638 3646 751 3713 tempus
765 3632 877 3705 incidit,
892 3659 904 3685 »
921 3637 965 3707 (L.
983 3638 1082 3693 Senec.
1099 3635 1199 3709 Epista

197 3728 266 3800 toa,
282 3730 339 3802 Ὦ)
351 3727 444 3786 audiri
461 3739 628 3806 potnerunt.
647 3731 771 3789 controv.
786 3732 812 3802 I,
823 3726 907 3806 pras.
924 3764 964 3775 —
975 3730 1040 3789 Lib.
1058 3729 1139 3810 vulg.
1155 3732 1197 3803 V,

192 3815 275 3892 Μ·

234 3911 263 3965 2.
282 3910 421 3978 controv„
436 3911 462 3980 1,
471 3906 556 3986 praes.

235 3999 264 4055 s.
278 4000 333 4070 rx,
348 3999 467 4070 anet
481 4002 531 4059 aa.

235 4091 265 4145 t.
283 4091 461 4162 Contrua.,1.
475 4086 559 4165 pras.
