2804 4980
688 388 885 460 -80-

254 783 260 792 ,
352 711 446 795 3111.
472 718 514 773 De
526 715 657 771 traducta
669 713 712 768 ad
720 720 820 786 poetas
834 707 1036 764 declamatorio
1049 708 1220 783 eloquentia.
1256 672 1258 676 Ι

332 911 403 984 Ubi
416 910 628 985 declamatio
643 908 747 982 desiit
766 931 841 979 esse
857 905 1068 1004 praeparatio
1086 904 1130 979 ad
1147 905 1283 997 sorum,

284 1018 327 1093 et
352 1021 444 1092 facta
473 1036 526 1092 est
553 1045 609 1092 ars
635 1018 798 1116 quaedam
823 1014 1032 1114 peculiaris,
1064 1014 1109 1087 ad
1127 1015 1287 1088 rhetores

261 1131 554 1217 confluxerunt,
581 1128 677 1227 apud
694 1127 855 1198 rhetores
879 1125 1041 1224 plurimis
1064 1126 1168 1199 annis
1188 1152 1288 1228 com-

281 1240 411 1311 morati
429 1253 513 1310 sunt
530 1238 651 1328 multi,
673 1236 822 1335 quibus,
842 1235 938 1307 nulla
956 1237 1141 1336 proposita
1156 1237 1288 1309 lorensi

256 1354 259 1361 '
281 1346 498 1442 ambitione,
515 1349 714 1421 declamare
731 1372 1036 1446 supervacaneum
1054 1363 1129 1419 erat
1144 1375 1152 1416 ε
1168 1348 1197 1418 si
1209 1346 1289 1445 quis

280 1458 412 1531 famam
428 1460 581 1556 aliquam
593 1458 726 1555 ingenii
738 1457 1028 1554 concupisceret,
1050 1455 1285 1527 declamabat.

281 1571 361 1639 Non
374 1584 540 1666 poterant
551 1582 665 1666 poetae
681 1568 767 1664 quin
786 1567 880 1638 hanc
898 1567 999 1637 lamae
1024 1567 1119 1636 viam
1134 1566 1286 1637 adirent.

280 1682 325 1751 At
344 1681 440 1754 enim
461 1679 687 1750 recitationes
708 1678 793 1747 satis
812 1692 926 1747 erant.
943 1679 1053 1763 Quasi
1073 1700 1159 1747 vero
1179 1675 1290 1773 quid-

279 1813 389 1886 quam
409 1803 500 1860 esset
516 1787 599 1858 satis
621 1787 672 1876 ei,
692 1786 754 1883 qui
776 1786 853 1856 vult
874 1787 1019 1856 volitare
1037 1784 1121 1856 oivu'
1136 1812 1204 1882 per
1224 1813 1289 1858 oro

281 1900 406 1968 ot'rum.
434 1896 585 1968 Enutriti
604 1897 743 1965 fuerant
757 1893 853 1992 apud
872 1894 1122 1989 grammaticos
1147 1910 1183 1967 et
1204 1896 1289 1967 rhe-

278 2021 376 2078 tores
392 2021 505 2105 poetae
523 2033 530 2075 :
551 2005 640 2101 quid
657 2004 841 2095 obstabat,
859 2006 1053 2101 quominus
1067 2006 1110 2075 iis
1128 2005 1290 2078 adhaere-

278 2132 359 2188 rent
377 2115 531 2187 diutius?
550 2115 624 2187 lllic
641 2140 785 2211 quoque
803 2114 1044 2212 reperiebant,
1075 2140 1153 2212 quae
1179 2120 1290 2189 menti

254 2310 259 2318 ,
278 2254 404 2302 eorum
421 2230 586 2326 placent,
605 2229 805 2301 mendacia.
839 2228 1090 2300 Alliciebantur
1111 2232 1288 2331 praecipue

277 2339 470 2440 Suasoriis,
498 2342 670 2436 quoniam
703 2340 938 2410 admittebant
972 2342 1097 2438 saepius
1132 2341 1290 2443 descrip-

277 2450 475 2542 tiunculas,
503 2450 633 2521 nitidas
659 2450 939 2547 explicationes,
968 2452 1129 2548 poeticos
1161 2477 1288 2524 omnes

255 2644 258 2651 Ι
276 2554 399 2650 locos,
429 2583 624 2653 earumque
647 2573 856 2654 argumenta
872 2559 983 2630 latum
1000 2558 1217 2656 vagabundo
1235 2563 1289 2633 in·

253 2754 258 2761 .
276 2669 383 2765 genio
400 2668 534 2740 dabant
547 2670 715 2767 spatium.

326 2781 354 2848 Α
375 2777 677 2850 declamatoribus
698 2793 818 2850 tamen
842 2805 879 2850 se
900 2797 1148 2873 removerunt,
1171 2807 1287 2879 quan·

274 2903 352 2959 tum
369 2904 585 2986 potuerunt,
603 2890 733 2961 Latinae
751 2915 907 2963 camenae
923 2893 1119 2990 principes,
1141 2893 1287 2967 Flaccus

275 3012 310 3069 et
323 2998 501 3094 Virgilius.
522 3004 644 3096 Neque
661 3002 758 3071 enim
773 3002 962 3072 verisimile
982 3017 1034 3073 est
1054 3006 1284 3077 consenuisse

275 3106 373 3202 apud
392 3131 454 3177 eos
473 3107 659 3199 Flaccum,
685 3110 767 3204 qni,
791 3108 878 3180 dum
903 3109 1143 3182 declamarent
1161 3115 1284 3186 Romae

274 3216 406 3305 amici,
439 3221 611 3288 Praeneste
644 3224 840 3291 Homerum
879 3222 1007 3292 diurna
1036 3222 1072 3294 e't
1105 3237 1284 3296 nocturna

273 3348 383 3396 manu
400 3343 580 3399 versatum
596 3329 813 3427 relegebat¹3
832 3348 1042 3429 certumque
1056 3347 1109 3405 est
1123 3333 1165 3405 iis
1183 3334 1282 3408 haud

273 3460 353 3509 sero
372 3438 449 3509 vale
467 3439 594 3511 dixisse
610 3442 822 3539 Virgilium:

360 3620 409 3683 Ite
424 3642 521 3699 nnnc,
539 3619 662 3701 inanes,
680 3621 736 3702 ite,
756 3623 921 3688 rhetorum
939 3625 1099 3716 ampullae,
1188 3636 1192 3642 '

361 3717 475 3783 Inflata
489 3743 562 3784 rore
582 3744 649 3785 non
665 3723 806 3788 Acheloo
822 3727 933 3808 verba,

360 3823 402 3886 Et
416 3846 486 3906 vos,
504 3823 579 3906 Sile,
597 3823 719 3908 Albuti,
737 3829 925 3919 Arquitique
942 3831 1122 3921 Varroque,

312 4047 343 4105 r.
358 4049 413 4124 up.
429 4050 456 4121 1,
470 4052 529 4120 ar
548 4069 592 4128 sq.
