2804 4980
630 356 825 427 -58...

247 561 254 573 .
279 500 374 571 Dixit
385 501 492 591 bene,
509 502 630 598 judice
644 503 772 595 Tullio,
791 505 900 602 quiet
916 504 1037 595 iatine,
1056 519 1091 576 et
1107 503 1226 603 plane,

232 624 267 682 et
285 627 410 684 ornate
428 613 542 685 dixin.

278 723 402 795 Latine
420 723 539 796 dicere
557 749 632 794 non
648 723 761 794 virtus
776 738 840 814 est,
860 722 923 794 sed
940 721 1100 794 conditio
1114 721 1232 819 prima

233 829 473 929 eloquentiae’.
487 837 653 904 Attamen
675 829 788 929 quu'm
807 858 882 904 rem
902 833 1069 903 attentius
1078 855 1232 930 perpen·
1260 870 1263 876 ·

230 938 300 1029 dit,
319 943 522 1038 cogitatque
540 966 650 1039 quarn
673 942 777 1014 multi
793 942 1032 1014 confluxerint
1048 959 1091 1012 ex
1109 941 1230 1011 diver-

229 1051 277 1122 sis
293 1052 381 1123 locis
400 1055 436 1123 in
457 1052 584 1124 urbem
602 1056 785 1152 inquinate
805 1055 996 1154 loquentes,
1016 1068 1093 1124 tum
1111 1051 1232 1123 latini-

229 1175 340 1234 tatem
356 1163 523 1234 virtutem
541 1187 617 1235 esse
633 1163 843 1253 oratoriam,
864 1178 899 1235 et
915 1164 951 1234 in
970 1162 1046 1233 dies
1059 1161 1232 1232 rariorem

226 1271 383 1370 judicat,
415 1299 567 1372 eamque
597 1275 634 1346 in
657 1279 795 1346 Caesare
820 1275 1088 1372 quamprimum
1116 1272 1231 1344 inesse

229 1406 453 1480 magnacum
464 1384 570 1455 laude
588 1387 765 1472 testatum,
783 1384 947 1455 eamdem
961 1382 1058 1481 apud
1071 1396 1232 1453 oratores

229 1497 406 1594 egregios,
425 1495 488 1568 sed
506 1521 581 1566 non
599 1495 757 1566 urbanos
773 1495 950 1575 desiderat
965 1494 1177 1565 absentent

278 1605 384 1676 Haud
402 1598 520 1703 ininus
542 1606 740 1676 necessaria
763 1605 944 1694 conditio,
970 1627 1088 1701 neque
1112 1604 1232 1674 minus

165 1784 170 1791 .
228 1738 308 1787 rara
328 1710 441 1786 virtus
458 1714 598 1785 videtur
615 1714 795 1802 Ciceroni,
819 1714 938 1785 dicere
957 1711 1063 1811 plane
1088 1727 1122 1782 et
1142 1736 1231 1782 enu-

219 1823 353 1913 cleate,
370 1825 446 1895 sine
462 1823 631 1920 ambiguo
642 1847 825 1913 sermone3
846 1837 881 1894 at
897 1847 1009 1919 quum
1020 1845 1075 1891 res
1093 1834 1166 1892 tarn
1182 1820 1233 1892 ia·

229 1934 304 2006 cilis
321 1936 378 2021 sit,
395 1918 545 2004 miratur
561 1933 778 2030 quibusdam
794 1935 844 2006 ita
857 1933 1044 2004 confusam
1060 1947 1095 2004 et
1106 1929 1232 2004 obscu·
1260 1976 1262 1980 -

229 2069 305 2117 ram
320 2045 638 2116 esseorationem⁵.
727 2131 730 2138 Ι

276 2154 1230 2253 Iatineetplanedicere(quorumsidesitalterutrum,

230 2280 353 2337 orator
366 2267 487 2338 nullus
501 2265 569 2363 est)
585 2266 668 2337 sacit
682 2265 904 2337 mediocrem
918 2280 1114 2337 oratorem.
1128 2265 1234 2339 Unde

229 2377 315 2503 iffl't
360 2378 461 2449 inse
485 2379 763 2450 admirationem
794 2378 958 2448 omnium
985 2397 1028 2448 ac
1047 2390 1233 2474 stuporem

229 2506 299 2563 cm
364 2489 438 2560 tati
455 2489 493 2559 Si
514 2489 609 2559 dicat
632 2500 775 2578 ornate,
795 2488 833 2572 id
851 2503 903 2559 est
917 2487 1093 2577 distincte,
1112 2487 1202 2586 exp!
1208 2489 1215 2503 '
1247 2525 1249 2528 ·

229 2596 566 2692 cutmubundunter,
583 2597 783 2671 illuminate
797 2599 951 2671 et-rebur
964 2615 1001 2683 et
1014 2597 1134 2690 verbu,
1151 2624 1236 2698 pos·

229 2723 347 2784 tremo
366 2736 450 2782 cum
461 2736 610 2782 numero
622 2711 783 2808 quodam
793 2732 835 2782 ac
848 2713 975 2784 verum.
998 2711 1052 2783 Ad
1065 2727 1235 2783 ornatum

229 2847 374 2920 quoque
391 2847 465 2894 uon
481 2821 570 2911 nihil
588 2822 729 2893 confert
743 2823 946 2893 humanitas
964 2839 1001 2893 et
1018 2822 1114 2919 lepos
1131 2818 1238 2905 inde,

226 2935 364 3032 gnitate
369 2963 384 3020 ‚·
402 2958 487 3005 nam
508 2920 610 3032 p'ti'tat
634 2932 768 3005 Tullius
784 2959 896 3031 neque
908 2931 1032 3030 jocum
1056 2935 1236 3030 magnitu-

228 3042 313 3137 dine
327 3070 446 3116 rerum
459 3046 644 3117 ecelinum
654 3071 744 3133 erse,
759 3070 823 3114 nec
836 3041 1230 3141 gravitatemsacetiirt

218 3150 316 3250 ¹ideo
333 3153 442 3224 tradit
465 3169 579 3225 artem
603 3152 685 3224 salis
702 3174 744 3223 ac
761 3151 995 3223 facetiarunr⁸.
1018 3151 1084 3223 Hic
1104 3166 1157 3222 est
1173 3150 1233 3232 iile

229 3278 396 3357 ornatus,
414 3265 452 3336 in
469 3289 543 3361 quo
560 3289 636 3336 non
663 3278 776 3337 totam
793 3263 1053 3361 eloquentiam,
1076 3263 1139 3337 scd
1156 3288 1231 3336 rna·

270 3445 299 3502 1.
322 3447 368 3501 ne
383 3447 478 3518 orat,
494 3448 548 3518 111,
560 3448 598 3504 10
611 3463 674 3523 sqq.

269 3532 301 3592 2·
323 3531 536 3605 Itid.,1n‚tt.

245 3670 251 3680 „
268 3623 303 3684 3.
323 3627 421 3697 Brut„
437 3627 486 3682 rt.
798 3663 800 3668 2
927 3662 934 3675 .

269 3714 302 3789 d.
323 3712 413 3788 latu,
429 3717 480 3773 46.
490 3745 532 3757 -
543 3711 591 3773 Sic
604 3710 726 3785 Quintil.
741 3715 821 3791 vul,
836 3733 863 3786 r,
873 3716 903 3773 3.

271 3805 300 3862 5.
323 3809 369 3860 De
383 3808 480 3872 Orat..
494 3806 556 3875 111,
573 3805 621 3862 13.

271 3897 301 3953 6.
327 3891 414 3968 thid„-
429 3897 484 3968 111,
497 3897 546 3952 tt.

269 3981 301 4042 ’1.
325 3987 369 4041 De
385 3985 545 4056 orat.‚111‚
561 3986 589 4042 8.

272 4075 301 4131 8.
323 4071 465 4148 nium,
480 4076 584 4131 ci-rr.
