2804 4980
606 326 778 405 -2-'-

193 482 495 558 contemnendam
520 480 781 578 eloquentiam,
800 483 961 579 quamvis
978 509 1044 556 nec
1060 480 1193 565 cultam

194 619 262 667 nec
284 594 469 679 limatam,
497 590 809 687 assequebantur:
841 592 950 681 alios,
977 596 1039 690 qui
1068 621 1193 693 perse

194 705 293 777 haud
316 719 455 776 tantum
472 700 667 798 pollebant,
686 694 818 799 'quihus
835 722 926 801 opus
943 721 1017 775 erat
1037 705 1083 776 ad
1109 724 1195 776 eru-

112 802 124 811 *
197 815 371 887 dieudum
389 815 550 885 animum
568 813 763 909 magistris,
785 813 830 885 ad
856 815 1062 887 ornandum
1089 815 1194 888 disci·

194 925 306 1025 plina,
327 924 373 996 ad
398 922 711 994 corroborandum
733 923 839 1018 longa
858 925 1121 1014 exercitatione,
1138 950 1194 997 ars

196 1037 346 1117 faciebat
362 1035 527 1109 disertos.
544 1037 667 1122 Quum
690 1049 809 1106 autem
832 1028 928 1132 apud
941 1030 1101 1128 Graucos,
1116 1048 1195 1109 tum

196 1146 293 1247 apud
310 1152 491 1218 Romanos
515 1160 626 1217 artem
650 1162 797 1218 omnem
825 1147 1005 1217 antevenit
1026 1148 1102 1244 ipsa
1118 1147 1193 1219 elo·

197 1260 365 1357 quentiag
386 1283 464 1354 quae
491 1273 609 1328 tamen
634 1259 829 1327 maximum
856 1273 929 1330 arte
957 1260 1051 1356 cepit
1076 1261 1193 1333 incre·

197 1386 371 1441 mentum.
392 1375 482 1443 Nam
499 1367 654 1472 dubitari
671 1383 788 1469 potest
803 1393 849 1443 au
864 1368 941 1441 siae
958 1383 1033 1441 arte
1051 1369 1097 1440 ad
1114 1378 1192 1442 ta'n·

186 1487 274 1553 *tum
296 1504 408 1577 usque
432 1479 533 1550 famae
559 1479 735 1576 fastigium
760 1472 920 1577 provecti
947 1478 1094 1551 fuissent
1120 1481 1195 1553 duo

196 1593 247 1662 illi
274 1591 483 1688 eloquentiae
501 1590 693 1687 principes,
715 1590 974 1661 Demosthenes
997 1604 1032 1660 et
1048 1593 1094 1659 tt.
1113 1588 1195 1659 Tul·

196 1703 277 1778 lius.
484 1725 486 1729 ’

247 1810 340 1881 Num
363 1833 468 1897 vere,
488 1834 601 1905 quum
622 1810 751 1904 egregii
769 1810 843 1903 jam
867 1824 983 1878 essent
1007 1821 1150 1896 natura,
1175 1832 1196 1878 e

198 1919 385 1992 rhetoricis
400 1916 546 1986 demum
559 1916 711 1988 officinis
726 1933 800 1988 tam
817 1918 956 2007 excelsi,
978 1931 1117 1986 tantum
1139 1941 1197 1986 su·

198 2055 263 2129 per
280 2052 404 2098 omues
419 2025 506 2097 alios
520 2025 600 2094 elati
614 2027 827 2098 evaserunt?
841 2032 1102 2123 interrogemus
1117 2025 1197 2096 Tul·

198 2143 299 2228 lium,
313 2138 490 2236 optimum
502 2137 673 2231 saneejus
686 2163 800 2211 eausae
811 2137 986 2209 arbitrum
1001 2163 1042 2209 ac
1060 2137 1198 2235 discep-

200 2268 370 2338 tatorem3
386 2263 422 2319 at
433 2272 541 2344 quem
554 2247 735 2318 Tullium?
753 2253 832 2318 Non
850 2274 945 2339 eum,
958 2250 1020 2345 qui
1032 2249 1198 2319 modesto

132 2371 134 2374 ⁴
200 2363 307 2435 nimis
324 2386 365 2432 ac
379 2359 505 2429 timido
522 2384 607 2428 usus
628 2360 794 2449 consilio,
814 2359 1126 2429 commentariolos
1139 2360 1197 2453 ju·

200 2471 334 2569 vcniles
351 2468 514 2554 excutit,
535 2482 676 2541 tantum
698 2493 772 2540 nou
799 2483 1051 2565 praetextatus3
1073 2491 1199 2539 verum

79 2578 93 2599 '⁴
202 2580 374 2680 grandem
390 2577 491 2647 illum
514 2577 758 2664 consularem,
778 2580 879 2648 omni
899 2578 1047 2649 laudum
1071 2603 1200 2674 genere

203 2705 383 2777 ornatum,
402 2688 499 2758 omni
519 2689 737 2786 experientia
762 2689 958 2775 imbutum,
975 2705 1010 2761 et
1025 2692 1109 2761 artis
1125 2691 1201 2785 ejus

201 2801 315 2898 leges,
335 2826 424 2899 quas
450 2798 507 2869 vel
529 2800 614 2898 ipsis
635 2800 806 2899 exemplis
828 2800 971 2894 docuit,
992 2802 1135 2900 optimis
1167 2815 1202 2872 et

202 2911 441 2985 saluberrimis
454 2903 639 3009 praeceptis
655 2911 857 2985 docentem.

251 3028 333 3095 Haec
356 3024 454 3094 enim
471 3035 523 3092 est
539 3046 595 3091 ors
612 3021 682 3109 illa,
705 3022 884 3119 quae‚,nisi
901 3035 1029 3094 natura
1045 3019 1199 3121 deficiat,

86 3156 88 3160 ’
202 3135 299 3205 viros
316 3146 482 3231 praestare
497 3146 629 3229 potest,
651 3157 725 3203 non
739 3131 889 3203 disertos
906 3130 1031 3222 modo,
1046 3129 1109 3202 sed
1131 3131 1203 3204 elo·

204 3258 378 3347 quentes;
399 3267 478 3341 quae
494 3241 642 3341 quidem
669 3242 774 3341 longe
793 3240 962 3315 abhorret
977 3268 998 3315 a
1014 3243 1112 3314 tenui
1137 3243 1204 3314 ista

204 3370 240 3426 et
252 3354 323 3426 levi
334 3352 523 3425 rhetorum
538 3353 713 3456 doctrina,
734 3352 823 3424 nihil
845 3354 941 3427 aliud
957 3369 1201 3454 comparante,

206 3489 318 3564 quam
330 3464 476 3536 inanem
489 3462 683 3536 verborum
700 3463 968 3562 supellectilem,
994 3464 1085 3537 nihil
1108 3464 1205 3561 aliud

205 3590 354 3650 curante
372 3599 482 3673 quam
499 3575 653 3673 argutias
676 3590 712 3646 et
732 3576 966 3675 suspiciosam
981 3577 1202 3651 facundiam.

205 3687 322 3758 Sensit
348 3699 482 3781 autem·
496 3685 808 3785 praestantissimus
833 3686 892 3759 ille
921 3697 1064 3782 orator,
1092 3675 1206 3789 dualis

205 3811 321 3885 esset,
342 3794 449 3867 talem
464 3820 590 3867 senon
608 3795 818 3887 innumeris,
830 3821 908 3895 quae
922 3797 1012 3871 mira
1020 3798 1207 3878 rhetorum

205 3905 399 3979 subtilitate
416 3918 584 4004 congesta
602 3921 715 3999 erant,
733 3907 926 4008 eloquendi
947 3908 1123 3998 artificiis,
1142 3894 1207 3986 sed

203 4014 441 4119 philosophiae
482 4014 728 4113 documentis,
769 4008 999 4101 historiarum
1038 4018 1205 4117 scientia,
