2804 4980
663 381 860 452 ...-76...

259 533 466 631 praeposteri
475 531 640 602 homines
654 556 728 600 non
744 528 950 627 quaerebant
962 528 997 598 in
1010 529 1171 600 oratione
1183 552 1261 599 sen·

189 686 197 693 -
261 645 404 732 tentias,
426 642 489 714 sed
505 667 597 740 saepe
611 642 773 712 oratione
793 638 1019 736 indigebant,
1036 639 1072 708 in
1093 664 1162 735 qua
1181 663 1261 710 sen·

261 755 388 825 tentias
425 753 599 850 quasdam
632 750 862 823 collocarent.
904 748 1138 821 Sectabantur
1165 749 1262 818 enim

259 863 454 934 sententias
484 862 585 932 omni
608 862 741 932 omisso
762 872 996 955 argumento,
1025 882 1114 954 quas
1134 857 1264 926 inven-

260 983 314 1040 tas
334 971 370 1039 in
394 969 537 1041 officina
556 970 738 1039 memoriae
760 994 830 1038 suae
851 965 1120 1056 recondebant,
1146 965 1263 1062 prima

259 1081 379 1150 'statim
404 1081 592 1151 occasione
624 1078 887 1178 depromendos
914 1079 1012 1149 velut
1042 1091 1264 1174 extempora-

259 1188 322 1258 les.
351 1189 413 1258 Vix
435 1189 605 1260 credibile
635 1189 672 1259 id
697 1203 805 1277 esset,
834 1189 901 1259 nisi
927 1189 1023 1259 testis
1054 1187 1181 1259 alloret
1199 1192 1263 1258 Fa-

258 1297 340 1370 bius
365 1286 381 1369 :¹
396 1331 413 1366 ιι
430 1306 470 1372 ln
490 1302 701 1399 cogitandO,
726 1301 824 1373 nulla
845 1302 984 1372 ratione
1005 1300 1183 1392 adbibita,
1204 1314 1266 1372 aut

258 1424 395 1483 tectum
411 1414 607 1504 intuentes,
631 1439 801 1511 magnum
820 1412 974 1509 aliquid,
992 1411 1092 1508 quod
1112 1411 1207 1481 ultro
1226 1437 1265 1484 se
1321 1481 1324 1485 ,

260 1523 386 1593 ollerat
396 1523 593 1621 ,pluribus
615 1548 706 1623 saepe
728 1523 854 1595 diebus
876 1537 1145 1621 exspectant...
1166 1525 1263 1593 Non·

259 1618 350 1703 nulli
373 1647 470 1707 certa
495 1631 592 1704 sibi
583 1634 683 1704 mitia
691 1635 932 1732 ,priusquam
954 1657 1097 1704 sensum
1118 1632 1267 1702 invene·

258 1743 342 1834 rint,
347 1742 563 1833 destinant,
590 1688 720 1840 quibds
738 1743 874 1841 aliquid
897 1742 1019 1814 diserti
1039 1742 1266 1852 subjungen-

260 1845 446 1925 dumsit...
456 1853 1266 1947 .Undefitutdissolutaetexdiversiscongesta

260 1962 375 2032 oratio
385 1962 563 2034 cohaerere
572 1988 646 2034 non
655 1965 779 2062 possit,
792 1964 987 2063 similisque
999 1961 1266 2033 commentariis

259 2095 456 2178 puerorum
473 2073 530 2163 sit,
551 2074 587 2144 in
604 2098 699 2170 quos
714 2098 768 2164 ea,
793 2099 913 2170 quae
893 2073 968 2144 aliis
984 2057 1267 2144 declamantibus

257 2175 425 2250 laudata
425 2194 529 2270 sunt,
552 2205 614 2276 reg
593 2183 742 2250 ‹1.erant¹
760 2210 778 2246 »
797 2163 1106 2250 Declamationum
1130 2193 1267 2256 actores

260 2285 321 2358 hic
349 2278 560 2395 perstringit
577 2289 732 2361 Fabius:
758 2314 884 2360 verum
905 2290 1005 2361 istius
1023 2289 1101 2359 vitii
1119 2287 1239 2359 nibil
1229 2311 1266 2358 m

261 2413 399 2470 ceteros
417 2400 616 2472 derivatum
632 2425 727 2487 esse,
747 2402 827 2497 quis
841 2399 1061 2472 contendet?

274 2540 278 2546 ·
309 2508 429 2578 Talem
450 2508 693 2604 eloquentiam
710 2511 849 2607 primus
864 2514 911 2580 Μ.
931 2512 1079 2599 Seneca,
1095 2533 1170 2605 quo
1183 2531 1270 2604 pro·

262 2639 426 2710 gressura
453 2631 562 2707 esset,
594 2617 845 2688 animadvertit
859 2618 1024 2744 ,ideoque
1048 2617 1264 2715 repudiavit,

164 2752 165 2755 ¹
261 2720 324 2796 sed
341 2724 479 2796 timide.
510 2727 576 2797 Die
603 2717 773 2823 quadam,
793 2728 913 2800 senior
926 2728 1013 2824 jam,
1033 2730 1162 2806 ductus
1178 2740 1231 2798 est
1246 2749 1269 2796 a

265 2826 345 2904 filiis
361 2835 458 2932 apud
478 2862 591 2906 unum
608 2861 628 2906 e
642 2838 901 2909 recentioribus
920 2837 1048 2911 iisdem
1065 2853 1099 2910 et
1117 2860 1266 2934 corrup·

263 2942 406 3015 tissimis
434 2937 732 3019 declamatoribus
742 2949 878 3044 ‚eujus
894 2953 1016 3019 omnia
1036 2940 1087 3020 ud
1101 2949 1266 3020 ultimum

266 3066 438 3123 utmorem
461 3054 805 3152 perductajudica13
825 3056 1024 3153 additque:
1049 3088 1067 3124 a
1087 3062 1166 3128 Non
1185 3084 1267 3130 sum

266 3185 286 3230 e
300 3162 482 3256 judicibus
496 3167 726 3236 severissimis
743 3167 805 3261 qui
824 3168 948 3238 omnia
963 3167 1010 3239 ad
1030 3182 1189 3240 exactam
1212 3194 1267 3241 re·

265 3271 386 3365 gulam
400 3273 570 3370 redigam.
591 3275 701 3347 Multa
718 3275 888 3348 donanda
904 3278 1054 3373 ingeniis
1069 3292 1158 3376 puto
1178 3305 1186 3348 τ
1204 3278 1267 3350 sed

266 3381 438 3455 donanda
453 3386 551 3479 vitia,
571 3411 645 3457 non
662 3401 829 3484 portenta
847 3390 963 3458 sunt’.
983 3417 1002 3456 a
1022 3388 1063 3459 ld
1081 3388 1266 3479 nimirum,

242 3492 247 3498 ’
266 3509 414 3592 excepto
440 3496 555 3588 Mela,
577 3496 780 3596 probabant
805 3496 880 3568 filii.
906 3498 1035 3568 lisdem
1051 3497 1135 3568 alibi
1150 3497 1236 3569 dicit
1255 3525 1265 3568 ε

268 3606 482 3678 «Volebam
509 3632 574 3679 vos
595 3608 763 3707 experiri,
785 3633 859 3679 non
877 3607 1080 3703 adjiciendo
1091 3608 1268 3703 judicium

267 3741 403 3804 meum,
424 3742 491 3789 nec
511 3718 711 3818 separando
727 3744 749 3791 a
764 3721 940 3817 corruptis
962 3744 1076 3791 sana:
1097 3720 1270 3817 potuisset

266 3824 364 3896 enim
383 3824 480 3919 lieri,
506 3841 546 3898 ut
568 3852 632 3898 vos
648 3827 706 3900 illa
724 3830 835 3924 magis
850 3829 1056 3920 laudaretis,
1085 3854 1163 3927 quae
1179 3829 1272 3900 insa·

309 3971 546 4046 l.Quinut.,11,
564 3977 615 4047 ll,
629 3978 647 4033 3
661 3995 704 4053 sq.

309 4064 337 4122 ἲ.
358 4066 497 4137 controv„
512 4062 563 4122 lib.
582 4064 662 4144 vulg.
679 4069 715 4137 V,
723 4062 808 4143 pras.
